%%################ References ################%%
%%*********References using standard bibtex***************
%%
%%########################################################################
%%############################ Journals ##################################
%%########################################################################
@Article{arr98,
  title = {Total cross sections of $\pi^±$, $K^±$, p and  on protons and deuterons between 200 and 370 (GeV/c)},
  author = {A. S. Carroll and I. -H. Chiang and T. F. Kycia and K. K. Li and M. D. Marx and D. C. Rahm and W. F. Baker and D. P. Eartly and G. Giacomelli and A. M. Jonckheere and P. F. M. Koehler and P. O. Mazur and R. Rubinstein and O. Fackler},
  journal = {Phys. Lett. B.},
  volume = {80},
  number = {4-5},
  pages = {423 - 427},
  numpages = {},
  year = {1979},
  month = {},
  doi = {10.1016/0370-2693(79)91205-X},
  publisher = {}
}
@article{Prescott1979524,
title = "Further measurements of parity non-conservation in inelastic electron scattering",
journal = "Physics Letters B",
volume = "84",
number = "4",
pages = "524 - 528",
year = "1979",
note = "",
issn = "0370-2693",
doi = "DOI: 10.1016/0370-2693(79)91253-X",
url = "http://www.sciencedirect.com/science/article/B6TVN-473DGS2-8Y/2/ade5b01710158db211833371d825bb5a",
author = {C. Y. Prescott and W. B. Atwood and R. L. A. Cottrell and H. DeStaebler and Edward L. Garwin and A. Gonidec and R. H. Miller and L. S. Rochester and T. Sato and D. J. Sherden and C. K. Sinclair and S. Stein and R. E. Taylor and C. Young and J. E. Clendenin and V. W. Hugnes and N. Sasao and K. P. Schüler and M. G. Borghini and K. Lübelsmeyer and W. Jentschke}
}
@article{Prescott1978347,
title = "Parity non-conservation in inelastic electron scattering ",
journal = "Physics Letters B ",
volume = "77",
number = "3",
pages = "347 - 352",
year = "1978",
note = "",
issn = "0370-2693",
doi = "http://dx.doi.org/10.1016/0370-2693(78)90722-0",
url = "http://www.sciencedirect.com/science/article/pii/0370269378907220",
author = "C.Y. Prescott and W.B. Atwood and R.L.A. Cottrell and H. DeStaebler and Edward L. Garwin and A. Gonidec and R.H. Miller and L.S. Rochester and T. Sato and D.J. Sherden and C.K. Sinclair and S. Stein and R.E. Taylor and J.E. Clendenin and V.W. Hughes and N. Sasao and K.P. Schüler and M.G. Borghini and K. Lübelsmeyer and W. Jentschke"
}
@Article{PhysRevD.18.2223,
  title = {Search for parity violation in deep-inelastic scattering of polarized electrons by unpolarized deuterons},
  author = {Atwood, W. B. and Cottrell, R. L. A. and DeStaebler, H.  and Miller, R.  and Pessard, H.  and Prescott, C. Y. and Rochester, L. S. and Taylor, R. E. and Alguard, M. J. and Clendenin, J.  and Cooper, P. S. and Ehrlich, R. D. and Hughes, V. W. and Lubell, M. S. and Baum, G.  and Sch\"uler, K. P. and L\"ubelsmeyer, K. },
  journal = {Phys. Rev. D},
  volume = {18},
  number = {7},
  pages = {2223--2226},
  numpages = {3},
  year = {1978},
  month = {Oct},
  doi = {10.1103/PhysRevD.18.2223},
  publisher = {American Physical Society}
}
@article{PhysRevLett.95.092001,
  title = {Strange-Quark Contributions to Parity-Violating Asymmetries in the Forward G0 Electron-Proton Scattering Experiment},
  author = {Armstrong, D. S. and Arvieux, J. and Asaturyan, R. and Averett, T. and Bailey, S. L. and Batigne, G. and Beck, D. H. and Beise, E. J. and Benesch, J. and Bimbot, L. and Birchall, J. and Biselli, A. and Bosted, P. and Boukobza, E. and Breuer, H. and Carlini, R. and Carr, R. and Chant, N. and Chao, Y.-C. and Chattopadhyay, S. and Clark, R. and Covrig, S. and Cowley, A. and Dale, D. and Davis, C. and Falk, W. and Finn, J. M. and Forest, T. and Franklin, G. and Furget, C. and Gaskell, D. and Grames, J. and Griffioen, K. A. and Grimm, K. and Guillon, B. and Guler, H. and Hannelius, L. and Hasty, R. and Allen, A. Hawthorne and Horn, T. and Johnston, K. and Jones, M. and Kammel, P. and Kazimi, R. and King, P. M. and Kolarkar, A. and Korkmaz, E. and Korsch, W. and Kox, S. and Kuhn, J. and Lachniet, J. and Lee, L. and Lenoble, J. and Liatard, E. and Liu, J. and Loupias, B. and Lung, A. and MacLachlan, G. A. and Marchand, D. and Martin, J. W. and McFarlane, K. W. and McKee, D. W. and McKeown, R. D. and Merchez, F. and Mkrtchyan, H. and Moffit, B. and Morlet, M. and Nakagawa, I. and Nakahara, K. and Nakos, M. and Neveling, R. and Niccolai, S. and Ong, S. and Page, S. and Papavassiliou, V. and Pate, S. F. and Phillips, S. K. and Pitt, M. L. and Poelker, M. and Porcelli, T. A. and Qu\'em\'ener, G. and Quinn, B. and Ramsay, W. D. and Rauf, A. W. and Real, J.-S. and Roche, J. and Roos, P. and Rutledge, G. A. and Secrest, J. and Simicevic, N. and Smith, G. R. and Spayde, D. T. and Stepanyan, S. and Stutzman, M. and Sulkosky, V. and Tadevosyan, V. and Tieulent, R. and van de Wiele, J. and van Oers, W. and Voutier, E. and Vulcan, W. and Warren, G. and Wells, S. P. and Williamson, S. E. and Wood, S. A. and Yan, C. and Yun, J. and Zeps, V.},
  collaboration = {G0 Collaboration},
  journal = {Phys. Rev. Lett.},
  volume = {95},
  issue = {9},
  pages = {092001},
  numpages = {5},
  year = {2005},
  month = {Aug},
  doi = {10.1103/PhysRevLett.95.092001},
  url = {http://link.aps.org/doi/10.1103/PhysRevLett.95.092001},
  publisher = {American Physical Society}
}
@article{PhysRevLett.98.032301,
  title = {Precision Measurements of the Nucleon Strange Form Factors at ${Q}^{2} \sim$ (GeV)$^{2}$},
  author = {Acha, A. and Aniol, K. A. and Armstrong, D. S. and Arrington, J. and Averett, T. and Bailey, S. L. and Barber, J. and Beck, A. and Benaoum, H. and Benesch, J. and Bertin, P. Y. and Bosted, P. and Butaru, F. and Burtin, E. and Cates, G. D. and Chao, Y.-C. and Chen, J.-P. and Chudakov, E. and Cisbani, E. and Craver, B. and Cusanno, F. and De Leo, R. and Decowski, P. and Deur, A. and Feuerbach, R. J. and Finn, J. M. and Frullani, S. and Fuchs, S. A. and Fuoti, K. and Gilman, R. and Glesener, L. E. and Grimm, K. and Grames, J. M. and Hansen, J. O. and Hansknecht, J. and Higinbotham, D. W. and Holmes, R. and Holmstrom, T. and Ibrahim, H. and de Jager, C. W. and Jiang, X. and Katich, J. and Kaufman, L. J. and Kelleher, A. and King, P. M. and Kolarkar, A. and Kowalski, S. and Kuchina, E. and Kumar, K. S. and Lagamba, L. and LaViolette, P. and LeRose, J. and Lindgren, R. A. and Lhuillier, D. and Liyanage, N. and Margaziotis, D. J. and Markowitz, P. and Meekins, D. G. and Meziani, Z.-E. and Michaels, R. and Moffit, B. and Nanda, S. and Nelyubin, V. and Otis, K. and Paschke, K. D. and Phillips, S. K. and Poelker, M. and Pomatsalyuk, R. and Potokar, M. and Prok, Y. and Puckett, A. and Qian, X. and Qiang, Y. and Reitz, B. and Roche, J. and Saha, A. and Sawatzky, B. and Singh, J. and Slifer, K. and Sirca, S. and Snyder, R. and Solvignon, P. and Souder, P. A. and Stutzman, M. L. and Subedi, R. and Suleiman, R. and Sulkosky, V. and Tobias, W. A. and Ulmer, P. E. and Urciuoli, G. M. and Wang, K. and Whitbeck, A. and Wilson, R. and Wojtsekhowski, B. and Yao, H. and Ye, Y. and Zhan, X. and Zheng, X. and Zhou, S. and Ziskin, V.},
  collaboration = {HAPPEX Collaboration},
  journal = {Phys. Rev. Lett.},
  volume = {98},
  issue = {3},
  pages = {032301},
  numpages = {5},
  year = {2007},
  month = {Jan},
  doi = {10.1103/PhysRevLett.98.032301},
  url = {http://link.aps.org/doi/10.1103/PhysRevLett.98.032301},
  publisher = {American Physical Society}
}
@Article{PhysRevD.77.033006,
  title = {Form factors and other measures of strangeness in the nucleon},
  author = {Diehl, Markus  and Feldmann, Thorsten  and Kroll, Peter },
  journal = {Phys. Rev. D},
  volume = {77},
  number = {3},
  pages = {033006},
  numpages = {15},
  year = {2008},
  month = {Feb},
  doi = {10.1103/PhysRevD.77.033006},
  publisher = {American Physical Society}
}
@Article{PhysRevD.17.1313,
  title = {Polarized-electron-nucleon scattering in gauge theories of weak and electromagnetic interactions},
  author = {Cahn, Robert N. and Gilman, Frederick J.},
  journal = {Phys. Rev. D},
  volume = {17},
  number = {5},
  pages = {1313--1322},
  numpages = {9},
  year = {1978},
  month = {Mar},
  doi = {10.1103/PhysRevD.17.1313},
  publisher = {American Physical Society}
}
@Article{PhysRevLett.99.092301,
  title = {Transverse Beam Spin Asymmetries in Forward-Angle Elastic Electron-Proton Scattering},
  author = {Armstrong, D. S. and Arvieux, J.  and Asaturyan, R.  and Averett, T.  and Bailey, S. L. and Batigne, G.  and Beck, D. H. and Beise, E. J. and Benesch, J.  and Bimbot, L.  and Birchall, J.  and Biselli, A.  and Bosted, P.  and Boukobza, E.  and Breuer, H.  and Carlini, R.  and Carr, R.  and Chant, N.  and Chao, Y.-C.  and Chattopadhyay, S.  and Clark, R.  and Covrig, S.  and Cowley, A.  and Dale, D.  and Davis, C.  and Falk, W.  and Finn, J. M.},
  journal = {Phys. Rev. Lett.},
  volume = {99},
  number = {9},
  pages = {092301},
  numpages = {5},
  year = {2007},
  month = {Aug},
  doi = {10.1103/PhysRevLett.99.092301},
  publisher = {American Physical Society}
}
@Article{Heil19891,
title = "Improved limits on the weak, neutral, hadronic axial vector coupling constants from quasielastic scattering of polarized electrons",
author = "W. Heil and J. Ahrens and H.G. Andresen and A. Bornheimer and D. Conrath and K.-J. Dietz and W. Gasteyer and H.-J. Gessinger and W. Hartmann and J. Jethwa and H.-J. Kluge and H. Kessler and T. Kettner and L. Koch and F. Neugebauer and R. Neuhausen and E.W. Otten and E. Reichert and F.P. Schäfer and B. Wagner",
journal = "Nuclear Physics B",
volume = "327",
number = "1",
pages = "1 - 31",
year = "1989",
note = "",
issn = "0550-3213",
doi = "DOI: 10.1016/0550-3213(89)90284-8",
url = {http://www.sciencedirect.com/science/article/B6TVC-471YRPG-P9/2/05ab7013cd576365d3f1b2fc857d3d79}
}
@Article{PhysRevLett.92.161802,
  title = {Measurement of the Negative Muon Anomalous Magnetic Moment to 0.7 ppm},
  author = {Bennett, G. W. and Bousquet, B.  and Brown, H. N. and Bunce, G.  and Carey, R. M. and Cushman, P.  and Danby, G. T. and Debevec, P. T. and Deile, M.  and Deng, H.  and Dhawan, S. K. and Druzhinin, V. P. and Duong, L.  and Farley, F. J. M. and Fedotovich, G. V. and Gray, F. E. and Grigoriev, D.  and Grosse-Perdekamp, M.  and Grossmann, A.  and Hare, M. F. and Hertzog, D. W. and Huang, X.  and Hughes, V. W. and Iwasaki, M.  and Jungmann, K.  and Kawall, D.  and Khazin, B. I.},
  journal = {Phys. Rev. Lett.},
  volume = {92},
  number = {16},
  pages = {161802},
  numpages = {5},
  year = {2004},
  month = {Apr},
  doi = {10.1103/PhysRevLett.92.161802},
  publisher = {American Physical Society}
}
@Article{Souder1991695,
title = "Results from the bates 12C parity experiment",
journal = "Nuclear Physics A",
volume = "527",
number = "",
pages = "695 - 700",
year = "1991",
note = "",
issn = "0375-9474",
doi = "DOI: 10.1016/0375-9474(91)90216-S",
url = "http://www.sciencedirect.com/science/article/B6TVB-472T3FF-DT/2/f53c55d390e2c7ff3efc6697efbc1d2d",
author = {P. A. Souder and J. Bellanca and G. D. Cates and G. W. Dodson and K. A. Dow and M. Farkhondeh and R. Holmes and V. W. Hughes and T. J. Gay and K. Isakovich and D. -H. Kim and S. Kowalski and K. S. Kumar and M. S. Lubell and R. Michaels and J. S. Patch and H. R. Schaefer and M. E. Schulze and Richard Wilson}
}
@Article{PhysRevD.12.3575,
  title = {Polarized electron-nucleus scattering and parity-violating neutral-current interactions},
  author = {Feinberg, G. },
  journal = {Phys. Rev. D},
  volume = {12},
  number = {11},
  pages = {3575--3582},
  numpages = {7},
  year = {1975},
  month = {Dec},
  doi = {10.1103/PhysRevD.12.3575},
  publisher = {American Physical Society}
}
@Article{PhysRevLett.65.694,
  title = {Measurement of parity violation in the elastic scattering of polarized electrons from $C12$},
  author = {Souder, P. A. and Holmes, R.  and Kim, D.-H.  and Kumar, K. S. and Schulze, M. E. and Isakovich, K.  and Dodson, G. W. and Dow, K. W. and Farkhondeh, M.  and Kowalski, S.  and Lubell, M. S. and Bellanca, J.  and Goodman, M.  and Patch, S.  and Wilson, Richard  and Cates, G. D. and Dhawan, S.  and Gay, T. J. and Hughes, V. W. and Magnon, A.  and Michaels, R.  and Schaefer, H. R.},
  journal = {Phys. Rev. Lett.},
  volume = {65},
  number = {6},
  pages = {694--697},
  numpages = {3},
  year = {1990},
  month = {Aug},
  doi = {10.1103/PhysRevLett.65.694},
  publisher = {American Physical Society}
}
@article{PhysRevLett.92.102003,
  title = {Parity-Violating Electron Deuteron Scattering and the Proton's Neutral Weak Axial Vector Form Factor},
  author = {Ito, T. M. and Averett, T. and Barkhuff, D. and Batigne, G. and Beck, D. H. and Beise, E. J. and Blake, A. and Breuer, H. and Carr, R. and Clasie, B. and Covrig, S. and Danagoulian, A. and Dodson, G. and Dow, K. and Dutta, D. and Farkhondeh, M. and Filippone, B. W. and Franklin, W. and Furget, C. and Gao, H. and Gao, J. and Gustafsson, K. and Hannelius, L. and Hasty, R. and Hawthorne-Allen, A. M. and Herda, M. C. and Jones, C. E. and King, P. and Korsch, W. and Kowalski, S. and Kox, S. and Kramer, K. and Lee, P. and Liu, J. and Martin, J. W. and McKeown, R. D. and Mueller, B. and Pitt, M. L. and Plaster, B. and Qu\'em\'ener, G. and R\'eal, J.-S. and Ritter, J. and Roche, J. and Savu, V. and Schiavilla, R. and Seely, J. and Spayde, D. and Suleiman, R. and Taylor, S. and Tieulent, R. and Tipton, B. and Tsentalovich, E. and Wells, S. P. and Yang, B. and Yuan, J. and Yun, J. and Zwart, T.},
  collaboration = {SAMPLE Collaboration},
  journal = {Phys. Rev. Lett.},
  volume = {92},
  issue = {10},
  pages = {102003},
  numpages = {4},
  year = {2004},
  month = {Mar},
  doi = {10.1103/PhysRevLett.92.102003},
  url = {http://link.aps.org/doi/10.1103/PhysRevLett.92.102003},
  publisher = {American Physical Society}
}
@Article{PhysRevLett.84.1106,
  title = {Parity Violation in Elastic Electron-Proton Scattering and the Proton's Strange Magnetic Form Factor},
  author = {Spayde, D. T. and Averett, T.  and Barkhuff, D.  and Beck, D. H. and Beise, E. J. and Benson, C.  and Breuer, H.  and Carr, R.  and Covrig, S.  and DelCorso, J.  and Dodson, G.  and Dow, K.  and Eppstein, C.  and Farkhondeh, M.  and Filippone, B. W. and Frazier, P.  and Hasty, R.  and Ito, T. M. and Jones, C. E. and Korsch, W.  and Kowalski, S.  and Lee, P.  and Maneva, E.  and McCarty, K.  and McKeown, R. D. and Mikell, J.  and Mueller, B. },
  journal = {Phys. Rev. Lett.},
  volume = {84},
  number = {6},
  pages = {1106--1109},
  numpages = {3},
  year = {2000},
  month = {Feb},
  doi = {10.1103/PhysRevLett.84.1106},
  publisher = {American Physical Society}
}
@Article{PhysRevLett.78.3824,
  title = {Measurement of the Proton's Neutral Weak Magnetic Form Factor},
  author = {Mueller, B.  and Beck, D. H. and Beise, E. J. and Candell, E.  and Cardman, L.  and Carr, R.  and DiBari, R. C. and Dodson, G.  and Dow, K.  and Duncan, F.  and Farkhondeh, M.  and Filippone, B. W. and Forest, T.  and Gao, H.  and Korsch, W.  and Kowalski, S.  and Lung, A.  and McKeown, R. D. and Mohring, R.  and Napolitano, J.  and Nilsson, D.  and Pitt, M.  and Simicevic, N.  and Terburg, B.  and Wells, S. P.},
  journal = {Phys. Rev. Lett.},
  volume = {78},
  number = {20},
  pages = {3824--3827},
  numpages = {3},
  year = {1997},
  month = {May},
  doi = {10.1103/PhysRevLett.78.3824},
  publisher = {American Physical Society}
}
@Article{R.Hasty12152000,
author = {Hasty, R. and Hawthorne-Allen, A. M. and Averett, T. and Barkhuff, D. and Beck, D. H. and Beise, E. J. and Blake, A. and Breuer, H. and Carr, R. and Covrig, S. and Danagoulian, A. and Dodson, G. and Dow, K. and Farkhondeh, M. and Filippone, B. W. and Gao, J. and Herda, M. C. and Ito, T. M. and Jones, C. E. and Korsch, W. and Kramer, K. and Kowalski, S. and Lee, P. and McKeown, R. D. and Mueller, B. and Pitt, M. and Ritter, J. and Roche, J. and Savu, V. and Spayde, D. T. and Tieulent, R. and Tsentalovich, E. and Wells, S. P. and Yang, B. and Zwart, T.},
title = {{Strange Magnetism and the Anapole Structure of the Proton}},
journal = {Science},
volume = {290},
number = {5499},
pages = {2117-2119},
doi = {10.1126/science.290.5499.2117},
year = {2000},
URL = {http://www.sciencemag.org/cgi/content/abstract/290/5499/2117},
eprint = {http://www.sciencemag.org/cgi/reprint/290/5499/2117.pdf}
}
@Article{Spayde200479,
title = "The strange quark contribution to the proton's magnetic moment",
journal = "Physics Letters B",
volume = "583",
number = "1-2",
pages = "79 - 86",
year = "2004",
note = "",
issn = "0370-2693",
doi = "DOI: 10.1016/j.physletb.2004.01.002",
url = "http://www.sciencedirect.com/science/article/B6TVN-4BHT6F4-4/2/ce550f107da55d92f0462c1b8bf4a4f4",
author = {D. T. Spayde and D. H. Beck and R. Hasty and T. Averett and D. Barkhuff and G. Dodson and K. Dow and M. Farkhondeh and W. Franklin and E. Tsentalovich and B. Yang and T. Zwart and E. J. Beise and H. Breuer and R. Tieulent and R. Carr and S. Covrig and B. W. Filippone and T. M. Ito and R. D. McKeown and W. Korsch and S. Kowalski and B. Mueller and M. L. Pitt and M. J. Ramsey-Musolf and J. Ritter and S. P. Wells}
}
@Article{Beise2005289,
title = "The SAMPLE experiment and weak nucleon structure",
journal = "Progress in Particle and Nuclear Physics",
volume = "54",
number = "1",
pages = "289 - 350",
year = "2005",
note = "",
issn = "0146-6410",
doi = "DOI: 10.1016/j.ppnp.2004.07.002",
url = "http://www.sciencedirect.com/science/article/B6TJC-4D98GRB-1/2/477b778e121de7a6114cc8ca976f002f",
author = "E.J. Beise and M.L. Pitt and D.T. Spayde",
keywords = "Nucleon structure",
keywords = "Parity violation",
keywords = "Strange quarks",
keywords = {Electromagnetic form factors}
}
@Article{PhysRevLett.93.022002,
  title = {Measurement of Strange-Quark Contributions to the Nucleon's Form Factors at ${Q}^{2}$=0.230 (GeV/c)$^{2}$},
  author = {Maas, F. E. and Achenbach, P. and Aulenbacher, K. and Baunack, S. and Capozza, L. and Diefenbach, J. and Grimm, K. and Imai, Y. and Hammel, T. and von Harrach, D. and Kabu\ss{}, E.-M. and Kothe, R. and Lee, J. H. and Lorente, A. and Lopes Ginja, A. and Nungesser, L. and Schilling, E. and Stephan, G. and Weinrich, C. and Altarev, I. and Arvieux, J. and Collin, B. and Frascaria, R. and Guidal, M. and Kunne, R. and Marchand, D. and Morlet, M. and Ong, S. and van de Wiele, J. and Kowalski, S. and Plaster, B. and Suleiman, R. and Taylor, S.},
  journal = {Phys. Rev. Lett.},
  volume = {93},
  issue = {2},
  pages = {022002},
  numpages = {4},
  year = {2004},
  month = {Jul},
  doi = {10.1103/PhysRevLett.93.022002},
  url = {http://link.aps.org/doi/10.1103/PhysRevLett.93.022002},
  publisher = {American Physical Society}
}
@Article{PhysRevLett.102.151803,
  title = {Measurement of Strange Quark Contributions to the Vector Form Factors of the Proton at ${Q}^{2}$ =0.22 (GeV/c)$^{2}$},
  author = {Baunack, S. and Aulenbacher, K. and Balaguer R{\'i}os, D. and Capozza, L. and Diefenbach, J. and Gl\"aser, B. and von Harrach, D. and Imai, Y. and Kabu\ss{}, E.-M. and Kothe, R. and Lee, J. H. and Merkel, H. and Mora Esp\'\i, M. C. and M\"uller, U. and Schilling, E. and Stephan, G. and Weinrich, C. and Arvieux, J. and El-Yakoubi, M. A. and Frascaria, R. and Kunne, R. and Maas, F. E. and Morlet, M. and Ong, S. and van de Wiele, J. and Kowalski, S. and Prok, Y. and Taylor, S.},
  journal = {Phys. Rev. Lett.},
  volume = {102},
  issue = {15},
  pages = {151803},
  numpages = {4},
  year = {2009},
  month = {Apr},
  doi = {10.1103/PhysRevLett.102.151803},
  url = {http://link.aps.org/doi/10.1103/PhysRevLett.102.151803},
  publisher = {American Physical Society}
}
@Article{Hammel20061,
title = "A luminosity monitor for the A4 parity violation experiment at MAMI",
journal = "Nuclear Instruments and Methods in Physics Research Section A: Accelerators, Spectrometers, Detectors and Associated Equipment",
volume = "564",
number = "1",
pages = "1 - 12",
year = "2006",
note = "",
issn = "0168-9002",
doi = "DOI: 10.1016/j.nima.2006.03.028",
url = "http://www.sciencedirect.com/science/article/B6TJM-4JT3NHX-1/2/1ccd0b45db5343e17ca1ebefd1892854",
author = "T. Hammel and P. Achenbach and S. Baunack and L. Capozza and J. Diefenbach and K. Grimm and D. von Harrach and Y. Imai and E. Kabuß and R. Kothe and J.H. Lee and A. Lopes Ginja and F.E. Maas and A. Sanchez Lorente and E. Schilling and G. Stephan and C. Weinrich and I. Altarev",
keywords = "Charged-particle sources and detectors",
keywords = "Charge conjugation, parity, time reversal, and other discrete symmetries",
keywords = "Beam characteristics",
keywords = {Cherenkov detectors}
}
@article{Imai2005332,
title = "The Compton backscattering polarimeter of the A4 experiment",
journal = "Progress in Particle and Nuclear Physics",
volume = "55",
number = "1",
pages = "332 - 335",
year = "2005",
note = "International School of Nuclear Physics 26th course - Lepton scattering and the structure of hadrons and nuclei",
issn = "0146-6410",
doi = "DOI: 10.1016/j.ppnp.2005.01.003",
url = "http://www.sciencedirect.com/science/article/B6TJC-4FK42KR-6/2/5058724627914f573c7f9f885545dbf9",
author = "Y. Imai",
keywords = "Polarized beams",
keywords = "Beam analyzers",
keywords = "Beam monitors and Faraday cups",
keywords = "Resonators",
keywords = "Cavities",
keywords = "Amplifiers and rings",
keywords = {Electron polarization measurement}
}
@ARTICLE{zpole,
   author = {Acciarri, M. and et all
	},
    title = "{Measurement of cross sections and leptonic forward-backward asymmetries at the Z pole and determination of electroweak parameters}",
  journal = {Zeitschrift fur Physik C Particles and Fields},
     year = 1994,
    month = dec,
   volume = 62,
    pages = {551-573},
      doi = {10.1007/BF01574160},
   adsurl = {http://adsabs.harvard.edu/abs/1994ZPhyC..62..551A},
  adsnote = {Provided by the SAO/NASA Astrophysics Data System}
}
@Article{PhysRevLett.95.081601,
  title = {Precision Measurement of the Weak Mixing Angle in M\o{}ller Scattering},
  author = {Anthony, P. L. and Arnold, R. G. and Arroyo, C.  and Bega, K.  and Biesiada, J.  and Bosted, P. E. and Bower, G.  and Cahoon, J.  and Carr, R.  and Cates, G. D. and Chen, J.-P.  and Chudakov, E.  and Cooke, M.  and Decowski, P.  and Deur, A.  and Emam, W.  and Erickson, R.  and Fieguth, T.  and Field, C.  and Gao, J.  and Gary, M.  and Gustafsson, K.  and Hicks, R. S. and Holmes, R.  and Hughes, E. W. and Humensky, T. B. and Jones, G. M.},
  journal = {Phys. Rev. Lett.},
  volume = {95},
  number = {8},
  pages = {081601},
  numpages = {5},
  year = {2005},
  month = {Aug},
  doi = {10.1103/PhysRevLett.95.081601},
  publisher = {American Physical Society}
}
@Article{hauger_polarimeter,
title = "A high-precision polarimeter",
journal = "Nuclear Instruments and Methods in Physics Research Section A: Accelerators,Spectrometers,Detectors and Associated Equipment",
volume = "462",
number = "3",
pages = "382 - 392",
year = "2001",
note = "",
issn = "0168-9002",
doi = "DOI: 10.1016/S0168-9002(01)00197-8",
url = "http://www.sciencedirect.com/science/article/B6TJM-432D95H-5/2/a75202ab9c96c9c8f62901662b504efa",
author = "M. Hauger and A. Honegger and J. Jourdan and G. Kubon and T. Petitjean and D. Rohe and I. Sick and G. Warren and H. Wöhrle and J. Zhao and R. Ent and J. Mitchell and D. Crabb and A. Tobias and M. Zeier and B. Zihlmann",
keywords = "Møller polarimeter",
keywords = "Electron scattering",
keywords = {High precision (0.5\%)}
}
@article{PhysRevLett.96.022003,
  title = {Parity-Violating Electron Scattering from $^{4}\mathrm{He}$ and the Strange Electric Form Factor of the Nucleon},
  author = {Aniol, K. A. and Armstrong, D. S. and Averett, T. and Benaoum, H. and Bertin, P. Y. and Burtin, E. and Cahoon, J. and Cates, G. D. and Chang, C. C. and Chao, Y.-C. and Chen, J.-P. and Choi, Seonho and Chudakov, E. and Craver, B. and Cusanno, F. and Decowski, P. and Deepa, D. and Ferdi, C. and Feuerbach, R. J. and Finn, J. M. and Frullani, S. and Fuoti, K. and Garibaldi, F. and Gilman, R. and Glamazdin, A. and Gorbenko, V. and Grames, J. M. and Hansknecht, J. and Higinbotham, D. W. and Holmes, R. and Holmstrom, T. and Humensky, T. B. and Ibrahim, H. and de Jager, C. W. and Jiang, X. and Kaufman, L. J. and Kelleher, A. and Kolarkar, A. and Kowalski, S. and Kumar, K. S. and Lambert, D. and LaViolette, P. and LeRose, J. and Lhuillier, D. and Liyanage, N. and Margaziotis, D. J. and Mazouz, M. and McCormick, K. and Meekins, D. G. and Meziani, Z.-E. and Michaels, R. and Moffit, B. and Monaghan, P. and Munoz-Camacho, C. and Nanda, S. and Nelyubin, V. and Neyret, D. and Paschke, K. D. and Poelker, M. and Pomatsalyuk, R. and Qiang, Y. and Reitz, B. and Roche, J. and Saha, A. and Singh, J. and Snyder, R. and Souder, P. A. and Subedi, R. and Suleiman, R. and Sulkosky, V. and Tobias, W. A. and Urciuoli, G. M. and Vacheret, A. and Voutier, E. and Wang, K. and Wilson, R. and Wojtsekhowski, B. and Zheng, X.},
  collaboration = {HAPPEX Collaboration},
  journal = {Phys. Rev. Lett.},
  volume = {96},
  issue = {2},
  pages = {022003},
  numpages = {5},
  year = {2006},
  month = {Jan},
  doi = {10.1103/PhysRevLett.96.022003},
  url = {http://link.aps.org/doi/10.1103/PhysRevLett.96.022003},
  publisher = {American Physical Society}
}
@article{qweak25percent,
      author         = "Androic, D. and others",
      title          = "{First Determination of the Weak Charge of the Proton}",
      collaboration  = "Qweak Collaboration",
      year           = "2013",
      eprint         = "1307.5275",
      archivePrefix  = "arXiv",
      primaryClass   = "nucl-ex",
      reportNumber   = "JLAB-PHY-13-1756",
      SLACcitation   = {%%CITATION = ARXIV:1307.5275;%%}
}
@article{PhysRevLett.111.141803,
  title = {First Determination of the Weak Charge of the Proton},
  author = {Androic, D. and Armstrong, D. S. and Asaturyan, A. and Averett, T. and Balewski, J. and Beaufait, J. and Beminiwattha, R. S. and Benesch, J. and Benmokhtar, F. and Birchall, J. and Carlini, R. D. and Cates, G. D. and Cornejo, J. C. and Covrig, S. and Dalton, M. M. and Davis, C. A. and Deconinck, W. and Diefenbach, J. and Dowd, J. F. and Dunne, J. A. and Dutta, D. and Duvall, W. S. and Elaasar, M. and Falk, W. R. and Finn, J. M. and Forest, T. and Gaskell, D. and Gericke, M. T. W. and Grames, J. and Gray, V. M. and Grimm, K. and Guo, F. and Hoskins, J. R. and Johnston, K. and Jones, D. and Jones, M. and Jones, R. and Kargiantoulakis, M. and King, P. M. and Korkmaz, E. and Kowalski, S. and Leacock, J. and Leckey, J. and Lee, A. R. and Lee, J. H. and Lee, L. and MacEwan, S. and Mack, D. and Magee, J. A. and Mahurin, R. and Mammei, J. and Martin, J. W. and McHugh, M. J. and Meekins, D. and Mei, J. and Michaels, R. and Micherdzinska, A. and Mkrtchyan, A. and Mkrtchyan, H. and Morgan, N. and Myers, K. E. and Narayan, A. and Ndukum, L. Z. and Nelyubin, V. and Nuruzzaman and van Oers, W. T. H. and Opper, A. K. and Page, S. A. and Pan, J. and Paschke, K. D. and Phillips, S. K. and Pitt, M. L. and Poelker, M. and Rajotte, J. F. and Ramsay, W. D. and Roche, J. and Sawatzky, B. and Seva, T. and Shabestari, M. H. and Silwal, R. and Simicevic, N. and Smith, G. R. and Solvignon, P. and Spayde, D. T. and Subedi, A. and Subedi, R. and Suleiman, R. and Tadevosyan, V. and Tobias, W. A. and Tvaskis, V. and Waidyawansa, B. and Wang, P. and Wells, S. P. and Wood, S. A. and Yang, S. and Young, R. D. and Zhamkochyan, S.},
  collaboration = {Q_{weak} Collaboration},
  journal = {Phys. Rev. Lett.},
  volume = {111},
  issue = {14},
  pages = {141803},
  numpages = {7},
  year = {2013},
  month = {Oct},
  doi = {10.1103/PhysRevLett.111.141803},
  url = {http://link.aps.org/doi/10.1103/PhysRevLett.111.141803},
  publisher = {American Physical Society}
}
@article{Hauger2001382,
title = "A high-precision polarimeter ",
journal = "Nuclear Instruments and Methods in Physics Research Section A: Accelerators, Spectrometers, Detectors and Associated Equipment ",
volume = "462",
number = "3",
pages = "382 - 392",
year = "2001",
note = "",
issn = "0168-9002",
doi = "http://dx.doi.org/10.1016/S0168-9002(01)00197-8",
url = "http://www.sciencedirect.com/science/article/pii/S0168900201001978",
author = "M. Hauger and A. Honegger and J. Jourdan and G. Kubon and T. Petitjean and D. Rohe and I. Sick and G. Warren and H. Wöhrle and J. Zhao and R. Ent and J. Mitchell and D. Crabb and A. Tobias and M. Zeier and B. Zihlmann",
keywords = "M<span style='font-style: italic'>ø</span>ller polarimeter",
keywords = "Electron scattering",
keywords = {High precision (0.5\%)}
}
@article{nur_kaon_paper,
  title = {Nuclear transparency and effective kaon-nucleon cross section from the $A(e,{e}^{$'${}}{K}^{+})$ reaction},
  author = {Nuruzzaman and Dutta, D. and Arrington, J. and Asaturyan, R. and Benmokhtar, F. and Boeglin, W. and Bosted, P. and Bruell, A. and Clasie, B. and Christy, M. E. and Chudakov, E. and Dalton, M. M. and Daniel, A. and Day, D. and Fassi, L. El and Ent, R. and Fenker, H. C. and Ferrer, J. and Fomin, N. and Gao, H. and Garrow, K. and Gaskell, D. and Gray, C. and Horn, T. and Huber, G. M. and Jones, M. K. and Kalantarians, N. and Keppel, C. E. and Kramer, K. and Li, Y. and Liang, Y. and Lung, A. F. and Malace, S. and Markowitz, P. and Matsumura, A. and Meekins, D. G. and Mertens, T. and Miyoshi, T. and Mkrtchyan, H. and Monson, R. and Navasardyan, T. and Niculescu, G. and Niculescu, I. and Okayasu, Y. and Opper, A. K. and Perdrisat, C. and Punjabi, V. and Qian, X. and Rauf, A. W. and Rodriquez, V. M. and Rohe, D. and Seely, J. and Segbefia, E. and Smith, G. R. and Sumihama, M. and Tadevosyan, V. and Tang, L. and Tvaskis, V. and Vulcan, W. F. and Wesselmann, F. R. and Wood, S. A. and Yuan, L. and Zheng, X. C.},
  journal = {Phys. Rev. C},
  volume = {84},
  issue = {1},
  pages = {015210},
  numpages = {7},
  year = {2011},
  month = {Jul},
  doi = {10.1103/PhysRevC.84.015210},
  url = {http://link.aps.org/doi/10.1103/PhysRevC.84.015210},
  publisher = {American Physical Society}
}
@article{nur_qweak_ICNFP_paper1,
  title = {Q-weak: First Direct Measurement of the Weak Charge of the Proton},
  author = {Nuruzzaman},
  journal = {EPJ},
  volume = {},
  issue = {},
  pages = {},
  numpages = {7},
  year = {2013},
  month = {December},
  doi = {},
  url = {},
  publisher = {EPJ}
}
@article{nur_qweak_ICNFP_paper,
	author = {{Nuruzzaman}},
	title = {Qweak: First Direct Measurement of the Weak Charge of the Proton},
	DOI= "10.1051/epjconf/20147100100",
	url= "http://dx.doi.org/10.1051/epjconf/20147100100",
	journal = {EPJ Web of Conferences},
	year = 2014,
	volume = 71,
	pages = "00100",
}
@article{grames_double_wien_proceedings,
  title = { Two Wien Filter Spin Flipper},
  author = {Grames, J. and Adderley, P. and Benesch, J. and Clark, J. and Hansknecht, J. and Kazimi, R. and Machie, D. and Poelker, M. and Stutzman, M. and Suleiman, R. and Zhang, Y.},
  journal = {Particle Accelerator Conference Proceedings},
  volume = {},
  issue = {},
  pages = {862},
  numpages = {3},
  year = {2011},
  month = {},
  doi = {},
  url = {https://misportal.jlab.org/ul/publications/view_pub.cfm?pub_id=10578},
  publisher = {}
}
@article{Yan:1993fd,
      author         = "Yan, C. and Carlini, R. and Neuffer, D.",
      title          = "{Beam energy measurement using the Hall C beamline}",
      journal        = "Conf.Proc.",
      volume         = "C930517",
      pages          = "2136-2138",
      year           = "1993",
      SLACcitation   = {%%CITATION = CONFP,C930517,2136;%%"}
}
@article{Yan1995261,
title = "Superharp - A wire scanner with absolute position readout for beam energy measurement at \{CEBAF\} ",
journal = "Nuclear Instruments and Methods in Physics Research Section A: Accelerators, Spectrometers, Detectors and Associated Equipment ",
volume = "365",
number = "2-3",
pages = "261 - 267",
year = "1995",
note = "",
issn = "0168-9002",
doi = "http://dx.doi.org/10.1016/0168-9002(95)00505-6",
url = "http://www.sciencedirect.com/science/article/pii/0168900295005056",
author = "C. Yan and P. Adderley and D. Barker and J. Beaufait and K. Capek and R. Carlini and J. Dahlberg and E. Feldl and K. Jordan and B. Kross and W. Oren and R. Wojcik and J. VanDyke"
}
@article{PhysRevC.69.065501,
  title = {Parity-violating electroweak asymmetry in $\vec{e}p$ scattering},
  author = {Aniol, K. A. and Armstrong, D. S. and Averett, T. and Baylac, M. and Burtin, E. and Calarco, J. and Cates, G. D. and Cavata, C. and Chai, Z. and Chang, C. C. and Chen, J.-P. and Chudakov, E. and Cisbani, E. and Coman, M. and Dale, D. and Deur, A. and Djawotho, P. and Epstein, M. B. and Escoffier, S. and Ewell, L. and Falletto, N. and Finn, J. M. and Fissum, K. and Fleck, A. and Frois, B. and Frullani, S. and Gao, J. and Garibaldi, F. and Gasparian, A. and Gerstner, G. M. and Gilman, R. and Glamazdin, A. and Gomez, J. and Gorbenko, V. and Hansen, O. and Hersman, F. and Higinbotham, D. W. and Holmes, R. and Holtrop, M. and Humensky, T. B. and Incerti, S. and Iodice, M. and de Jager, C. W. and Jardillier, J. and Jiang, X. and Jones, M. K. and Jorda, J. and Jutier, C. and Kahl, W. and Kelly, J. J. and Kim, D. H. and Kim, M.-J. and Kim, M. S. and Kominis, I. and Kooijman, E. and Kramer, K. and Kumar, K. S. and Kuss, M. and LeRose, J. and De Leo, R. and Leuschner, M. and Lhuillier, D. and Liang, M. and Liyanage, N. and Lourie, R. and Madey, R. and Malov, S. and Margaziotis, D. J. and Marie, F. and Markowitz, P. and Martino, J. and Mastromarino, P. and McCormick, K. and McIntyre, J. and Meziani, Z.-E. and Michaels, R. and Milbrath, B. and Miller, G. W. and Mitchell, J. and Morand, L. and Neyret, D. and Pedrisat, C. and Petratos, G. G. and Pomatsalyuk, R. and Price, J. S. and Prout, D. and Punjabi, V. and Pussieux, T. and Qu\'em\'ener, G. and Ransome, R. D. and Relyea, D. and Roblin, Y. and Roche, J. and Rutledge, G. A. and Rutt, P. M. and Rvachev, M. and Sabatie, F. and Saha, A. and Souder, P. A. and Spradlin, M. and Strauch, S. and Suleiman, R. and Templon, J. and Teresawa, T. and Thompson, J. and Tieulent, R. and Todor, L. and Tonguc, B. T. and Ulmer, P. E. and Urciuoli, G. M. and Vlahovic, B. and Wijesooriya, K. and Wilson, R. and Wojtsekhowski, B. and Woo, R. and Xu, W. and Younus, I. and Zhang, C.},
  collaboration = {HAPPEX Collaboration},
  journal = {Phys. Rev. C},
  volume = {69},
  issue = {6},
  pages = {065501},
  numpages = {35},
  year = {2004},
  month = {Jun},
  doi = {10.1103/PhysRevC.69.065501},
  url = {http://link.aps.org/doi/10.1103/PhysRevC.69.065501},
  publisher = {American Physical Society}
}
@article{PhysRevLett.82.1096,
  title = {Measurement of the neutral weak form factors of the proton},
  author = {Aniol, K. A. and Armstrong, D. S. and Baylac, M. and Burtin, E. and Calarco, J. and Cates, G. D. and Cavata, C. and Chen, J.-P. and Chudakov, E. and Dale, D. and de Jager, C. W. and Deur, A. and Djawotho, P. and Epstein, M. B. and Escoffier, S. and Ewell, L. and Falletto, N. and Finn, J. M. and Fissum, K. and Fleck, A. and Frois, B. and Gao, J. and Garibaldi, F. and Gasparian, A. and Gerstner, G. M. and Gilman, R. and Glamazdin, A. and Gomez, J. and Gorbenko, V. and Hansen, O. and Hersman, F. and Holmes, R. and Holtrop, M. and Humensky, B. and Incerti, S. and Jardillier, J. and Jones, M. K. and Jorda, J. and Jutier, C. and Kahl, W. and Kim, D. H. and Kim, M. S. and Kramer, K. and Kumar, K. S. and Kuss, M. and LeRose, J. and Leuschner, M. and Lhuillier, D. and Liyanage, N. and Lourie, R. and Madey, R. and Margaziotis, D. J. and Marie, F. and Martino, J. and Mastromarino, P. and McCormick, K. and McIntyre, J. and Meziani, Z.-E. and Michaels, R. and Miller, G. W. and Neyret, D. and Perdrisat, C. and Petratos, G. G. and Pomatsalyuk, R. and Price, J. S. and Prout, D. and Punjabi, V. and Pussieux, T. and Qu\'em\'ener, G. and Rutledge, G. and Rutt, P. M. and Saha, A. and Souder, P. A. and Spradlin, M. and Suleiman, R. and Thompson, J. and Todor, L. and Ulmer, P. E. and Vlahovic, B. and Wijesooriya, K. and Wilson, R. and Wojtsekhowski, B.},
  collaboration = {(HAPPEX Collaboration)},
  journal = {Phys. Rev. Lett.},
  volume = {82},
  issue = {6},
  pages = {1096--1100},
  year = {1999},
  month = {Feb},
  doi = {10.1103/PhysRevLett.82.1096},
  url = {http://link.aps.org/doi/10.1103/PhysRevLett.82.1096},
  publisher = {American Physical Society}
}
@article{Aniol2006275,
title = "Constraints on the nucleon strange form factors at ",
journal = "Physics Letters B ",
volume = "635",
number = "5?6",
pages = "275 - 279",
year = "2006",
note = "",
issn = "0370-2693",
doi = "http://dx.doi.org/10.1016/j.physletb.2006.03.011",
url = "http://www.sciencedirect.com/science/article/pii/S0370269306003054",
author = {K.A. Aniol and D.S. Armstrong and T. Averett and H. Benaoum and P.Y. Bertin and E. Burtin and J. Cahoon and G.D. Cates and C.C. Chang and Y.-C. Chao and J.P. Chen and Seonho Choi and E. Chudakov and B. Craver and F. Cusanno and P. Decowski and D. Deepa and C. Ferdi and R.J. Feuerbach and J.M. Finn and S. Frullani and K. Fuoti and F. Garibaldi and R. Gilman and A. Glamazdin and V. Gorbenko and J.M. Grames and J. Hansknecht and D.W. Higinbotham and R. Holmes and T. Holmstrom and T.B. Humensky and H. Ibrahim and C.W. de Jager and X. Jiang and L.J. Kaufman and A. Kelleher and A. Kolarkar and S. Kowalski and K.S. Kumar and D. Lambert and P. LaViolette and J. LeRose and D. Lhuillier and N. Liyanage and D.J. Margaziotis and M. Mazouz and K. McCormick and D.G. Meekins and Z.-E. Meziani and R. Michaels and B. Moffit and P. Monaghan and C. Munoz-Camacho and S. Nanda and V. Nelyubin and D. Neyret and K.D. Paschke and M. Poelker and R. Pomatsalyuk and Y. Qiang and B. Reitz and J. Roche and A. Saha and J. Singh and R. Snyder and P.A. Souder and M. Stutzman and R. Subedi and R. Suleiman and V. Sulkosky and W.A. Tobias and G.M. Urciuoli and A. Vacheret and E. Voutier and K. Wang and R. Wilson and B. Wojtsekhowski and X. Zheng}
}
@article{PhysRevLett.108.102001,
  title = {New Precision Limit on the Strange Vector Form Factors of the Proton},
  author = {Ahmed, Z. and Allada, K. and Aniol, K. A. and Armstrong, D. S. and Arrington, J. and Baturin, P. and Bellini, V. and Benesch, J. and Beminiwattha, R. and Benmokhtar, F. and Canan, M. and Camsonne, A. and Cates, G. D. and Chen, J.-P. and Chudakov, E. and Cisbani, E. and Dalton, M. M. and de Jager, C. W. and De Leo, R. and Deconinck, W. and Decowski, P. and Deng, X. and Deur, A. and Dutta, C. and Franklin, G. B. and Friend, M. and Frullani, S. and Garibaldi, F. and Giusa, A. and Glamazdin, A. and Golge, S. and Grimm, K. and Hansen, O. and Higinbotham, D. W. and Holmes, R. and Holmstrom, T. and Huang, J. and Huang, M. and Hyde, C. E. and Jen, C. M. and Jin, G. and Jones, D. and Kang, H. and King, P. and Kowalski, S. and Kumar, K. S. and Lee, J. H. and LeRose, J. J. and Liyanage, N. and Long, E. and McNulty, D. and Margaziotis, D. and Meddi, F. and Meekins, D. G. and Mercado, L. and Meziani, Z.-E. and Michaels, R. and Mu\~noz-Camacho, C. and Mihovilovic, M. and Muangma, N. and Myers, K. E. and Nanda, S. and Narayan, A. and Nelyubin, V. and Nuruzzaman and Oh, Y. and Pan, K. and Parno, D. and Paschke, K. D. and Phillips, S. K. and Qian, X. and Qiang, Y. and Quinn, B. and Rakhman, A. and Reimer, P. E. and Rider, K. and Riordan, S. and Roche, J. and Rubin, J. and Russo, G. and Saenboonruang, K. and Saha, A. and Sawatzky, B. and Silwal, R. and Sirca, S. and Souder, P. A. and Sperduto, M. and Subedi, R. and Suleiman, R. and Sulkosky, V. and Sutera, C. M. and Tobias, W. A. and Urciuoli, G. M. and Waidyawansa, B. and Wang, D. and Wexler, J. and Wilson, R. and Wojtsekhowski, B. and Zhan, X. and Yan, X. and Yao, H. and Ye, L. and Zhao, B. and Zheng, X.},
  collaboration = {HAPPEX Collaboration},
  journal = {Phys. Rev. Lett.},
  volume = {108},
  issue = {10},
  pages = {102001},
  numpages = {5},
  year = {2012},
  month = {Mar},
  doi = {10.1103/PhysRevLett.108.102001},
  url = {http://link.aps.org/doi/10.1103/PhysRevLett.108.102001},
  publisher = {American Physical Society}
}
@article{PhysRevLett.104.012001,
  title = {Strange Quark Contributions to Parity-Violating Asymmetries in the Backward Angle G0 Electron Scattering Experiment},
  author = {Androi\ifmmode \acute{c}\else \'{c}\fi{}, D. and Armstrong, D. S. and Arvieux, J. and Bailey, S. L. and Beck, D. H. and Beise, E. J. and Benesch, J. and Benmokhtar, F. and Bimbot, L. and Birchall, J. and Bosted, P. and Breuer, H. and Capuano, C. L. and Chao, Y.-C. and Coppens, A. and Davis, C. A. and Ellis, C. and Flores, G. and Franklin, G. and Furget, C. and Gaskell, D. and Gericke, M. T. W. and Grames, J. and Guillard, G. and Hansknecht, J. and Horn, T. and Jones, M. and King, P. M. and Korsch, W. and Kox, S. and Lee, L. and Liu, J. and Lung, A. and Mammei, J. and Martin, J. W. and McKeown, R. D. and Mihovilovic, M. and Micherdzinska, A. and Mkrtchyan, H. and Muether, M. and Page, S. A. and Papavassiliou, V. and Pate, S. F. and Phillips, S. K. and Pillot, P. and Pitt, M. L. and Poelker, M. and Quinn, B. and Ramsay, W. D. and Real, J.-S. and Roche, J. and Roos, P. and Schaub, J. and Seva, T. and Simicevic, N. and Smith, G. R. and Spayde, D. T. and Stutzman, M. and Suleiman, R. and Tadevosyan, V. and van Oers, W. T. H. and Versteegen, M. and Voutier, E. and Vulcan, W. and Wells, S. P. and Williamson, S. E. and Wood, S. A.},
  collaboration = {G0 Collaboration},
  journal = {Phys. Rev. Lett.},
  volume = {104},
  issue = {1},
  pages = {012001},
  numpages = {5},
  year = {2010},
  month = {Jan},
  doi = {10.1103/PhysRevLett.104.012001},
  url = {http://link.aps.org/doi/10.1103/PhysRevLett.104.012001},
  publisher = {American Physical Society}
}
@article{PhysRevLett.94.152001,
  title = {Evidence for Strange-Quark Contributions to the Nucleon's Form Factors at ${Q}^{2}$ = 0.108 (GeV/c)$^{2}$},
  author = {Maas, F. E. and Aulenbacher, K. and Baunack, S. and Capozza, L. and Diefenbach, J. and Gl\"aser, B. and Hammel, T. and von Harrach, D. and Imai, Y. and Kabu\ss{}, E.-M. and Kothe, R. and Lee, J. H. and Lorente, A. and Schilling, E. and Schwaab, D. and Sikora, M. and Stephan, G. and Weber, G. and Weinrich, C. and Altarev, I. and Arvieux, J. and El-Yakoubi, M. and Frascaria, R. and Kunne, R. and Morlet, M. and Ong, S. and van de Wiele, J. and Kowalski, S. and Plaster, B. and Suleiman, R. and Taylor, S.},
  journal = {Phys. Rev. Lett.},
  volume = {94},
  issue = {15},
  pages = {152001},
  numpages = {4},
  year = {2005},
  month = {Apr},
  doi = {10.1103/PhysRevLett.94.152001},
  url = {http://link.aps.org/doi/10.1103/PhysRevLett.94.152001},
  publisher = {American Physical Society}
}
@article{PhysRevD.86.010001,
  title = {Review of Particle Physics},
  author = {Beringer, J. and Arguin, J. -F. and Barnett, R. M. and Copic, K. and Dahl, O. and Groom, D. E. and Lin, C. -J. and Lys, J. and Murayama, H. and Wohl, C. G. and Yao, W. -M. and Zyla, P. A. and Amsler, C. and Antonelli, M. and Asner, D. M. and Baer, H. and Band, H. R. and Basaglia, T. and Bauer, C. W. and Beatty, J. J. and Belousov, V. I. and Bergren, E. and Bernardi, G. and Bertl, W. and Bethke, S. and Bichsel, H. and Biebel, O. and Blucher, E. and Blusk, S. and Brooijmans, G. and Buchmueller, O. and Cahn, R. N. and Carena, M. and Ceccucci, A. and Chakraborty, D. and Chen, M. -C. and Chivukula, R. S. and Cowan, G. and D'Ambrosio, G. and Damour, T. and de Florian, D. and de Gouv\^ea, A. and DeGrand, T. and de Jong, P. and Dissertori, G. and Dobrescu, B. and Doser, M. and Drees, M. and Edwards, D. A. and Eidelman, S. and Erler, J. and Ezhela, V. V. and Fetscher, W. and Fields, B. D. and Foster, B. and Gaisser, T. K. and Garren, L. and Gerber, H. -J. and Gerbier, G. and Gherghetta, T. and Golwala, S. and Goodman, M. and Grab, C. and Gritsan, A. V. and Grivaz, J. -F. and Gr\"unewald, M. and Gurtu, A. and Gutsche, T. and Haber, H. E. and Hagiwara, K. and Hagmann, C. and Hanhart, C. and Hashimoto, S. and Hayes, K. G. and Heffner, M. and Heltsley, B. and Hern\'andez-Rey, J. J. and Hikasa, K. and H\"ocker, A. and Holder, J. and Holtkamp, A. and Huston, J. and Jackson, J. D. and Johnson, K. F. and Junk, T. and Karlen, D. and Kirkby, D. and Klein, S. R. and Klempt, E. and Kowalewski, R. V. and Krauss, F. and Kreps, M. and Krusche, B. and Kuyanov, Yu. V. and Kwon, Y. and Lahav, O. and Laiho, J. and Langacker, P. and Liddle, A. and Ligeti, Z. and Liss, T. M. and Littenberg, L. and Lugovsky, K. S. and Lugovsky, S. B. and Mannel, T. and Manohar, A. V. and Marciano, W. J. and Martin, A. D. and Masoni, A. and Matthews, J. and Milstead, D. and Miquel, R. and M\"onig, K. and Moortgat, F. and Nakamura, K. and Narain, M. and Nason, P. and Navas, S. and Neubert, M. and Nevski, P. and Nir, Y. and Olive, K. A. and Pape, L. and Parsons, J. and Patrignani, C. and Peacock, J. A. and Petcov, S. T. and Piepke, A. and Pomarol, A. and Punzi, G. and Quadt, A. and Raby, S. and Raffelt, G. and Ratcliff, B. N. and Richardson, P. and Roesler, S. and Rolli, S. and Romaniouk, A. and Rosenberg, L. J. and Rosner, J. L. and Sachrajda, C. T. and Sakai, Y. and Salam, G. P. and Sarkar, S. and Sauli, F. and Schneider, O. and Scholberg, K. and Scott, D. and Seligman, W. G. and Shaevitz, M. H. and Sharpe, S. R. and Silari, M. and Sj\"ostrand, T. and Skands, P. and Smith, J. G. and Smoot, G. F. and Spanier, S. and Spieler, H. and Stahl, A. and Stanev, T. and Stone, S. L. and Sumiyoshi, T. and Syphers, M. J. and Takahashi, F. and Tanabashi, M. and Terning, J. and Titov, M. and Tkachenko, N. P. and T\"ornqvist, N. A. and Tovey, D. and Valencia, G. and van Bibber, K. and Venanzoni, G. and Vincter, M. G. and Vogel, P. and Vogt, A. and Walkowiak, W. and Walter, C. W. and Ward, D. R. and Watari, T. and Weiglein, G. and Weinberg, E. J. and Wiencke, L. R. and Wolfenstein, L. and Womersley, J. and Woody, C. L. and Workman, R. L. and Yamamoto, A. and Zeller, G. P. and Zenin, O. V. and Zhang, J. and Zhu, R. -Y. and Harper, G. and Lugovsky, V. S. and Schaffner, P.},
  collaboration = {Particle Data Group},
  journal = {Phys. Rev. D},
  volume = {86},
  issue = {1},
  pages = {010001},
  numpages = {1528},
  year = {2012},
  month = {Jul},
  doi = {10.1103/PhysRevD.86.010001},
  url = {http://link.aps.org/doi/10.1103/PhysRevD.86.010001},
  publisher = {American Physical Society}
}
@article{PhysRevLett.109.203003,
  title = {Revisiting Parity Nonconservation in Cesium},
  author = {Dzuba, V. A. and Berengut, J. C. and Flambaum, V. V. and Roberts, B.},
  journal = {Phys. Rev. Lett.},
  volume = {109},
  issue = {20},
  pages = {203003},
  numpages = {5},
  year = {2012},
  month = {Nov},
  doi = {10.1103/PhysRevLett.109.203003},
  url = {http://link.aps.org/doi/10.1103/PhysRevLett.109.203003},
  publisher = {American Physical Society}
}
@Article{Wood21031997,
author = {Wood, C. S. and Bennett, S. C. and Cho, D. and Masterson, B. P. and Roberts, J. L. and Tanner, C. E. and Wieman, C. E.}, 
title = {Measurement of Parity Nonconservation and an Anapole Moment in Cesium},
volume = {275}, 
number = {5307}, 
pages = {1759-1763}, 
year = {1997}, 
doi = {10.1126/science.275.5307.1759}, 
abstract ={The amplitude of the parity-nonconserving transition between the 6S and 7S states of cesium was precisely measured with the use of a spin-polarized atomic beam. This measurement gives Im(E1pnc)/? = ?1.5935(56) millivolts per centimeter and provides an improved test of the standard model at low energy, including a value for the S parameter of ?1.3(3)exp (11)theory. The nuclear spin-dependent contribution was 0.077(11) millivolts per centimeter; this contribution is a manifestation of parity violation in atomic nuclei and is a measurement of the long-sought anapole moment.}, 
URL = {http://www.sciencemag.org/content/275/5307/1759.abstract}, 
eprint = {http://www.sciencemag.org/content/275/5307/1759.full.pdf}, 
journal = {Science}
}
@article{PhysRevC.70.045206,
  title = {Resonance estimates for single spin asymmetries in elastic electron-nucleon scattering},
  author = {Pasquini, B. and Vanderhaeghen, M.},
  journal = {Phys. Rev. C},
  volume = {70},
  issue = {4},
  pages = {045206},
  numpages = {14},
  year = {2004},
  month = {Oct},
  publisher = {American Physical Society},
  doi = {10.1103/PhysRevC.70.045206},
  url = {http://link.aps.org/doi/10.1103/PhysRevC.70.045206}
}
@article{Alexandrou2009115,
title = "Quark transverse charge densities in the from lattice \{QCD\} ",
journal = "Nuclear Physics A ",
volume = "825",
number = "1-2",
pages = "115 - 144",
year = "2009",
note = "",
issn = "0375-9474",
doi = "http://dx.doi.org/10.1016/j.nuclphysa.2009.04.005",
url = "http://www.sciencedirect.com/science/article/pii/S0375947409002206",
author = "Constantia Alexandrou and Tomasz Korzec and Giannis Koutsou and Cédric Lorcé and John W. Negele and Vladimir Pascalutsa and Antonios Tsapalis and Marc Vanderhaeghen",
keywords = "Electromagnetic form factors",
keywords = "Electric and magnetic moments",
keywords = "?-resonance "
}
@article{Alexandrou:2009hs,
author         = "Alexandrou, Constantia and Korzec, Tomasz and Koutsou,
                    Giannis and Lorce, Cedric and Negele, John W. and others",
title          = "{Quark transverse charge densities in the $Delta$(1232) from lattice QCD}",
journal        = "Nucl.Phys.",
volume         = "A825",
pages          = "115-144",
doi            = "10.1016/j.nuclphysa.2009.04.005",
year           = "2009",
eprint         = "0901.3457",
archivePrefix  = "arXiv",
primaryClass   = "hep-ph",
SLACcitation   = {%%CITATION = ARXIV:0901.3457;%%}
}
@article{nurBModCIPANP2012,
   author = "Nuruzzaman and Qweak Collaboration",
   title = "Beam modulation system for the Q-weak experiment at Jefferson lab",
   journal = "AIP Conference Proceedings",
   year = "2013",
   volume = "1560",
   number = "1", 
   eid = " ",
   pages = "240-242",
   url = "http://scitation.aip.org/content/aip/proceeding/aipcp/10.1063/1.4826763",
   doi = {http://dx.doi.org/10.1063/1.4826763}
}
@article{naturePVDIS,
	Author = {The Jefferson Lab PVDIS Collaboration},
	Date = {2014/02/06/print},
	Date-Added = {2014-02-06 20:25:49 +0000},
	Date-Modified = {2014-02-06 20:25:49 +0000},
	Day = {06},
	Isbn = {0028-0836},
	Journal = {Nature},
	L3 = {10.1038/nature12964; http://www.nature.com/nature/journal/v506/n7486/abs/nature12964.html#supplementary-information},
	M3 = {Letter},
	Month = {02},
	Number = {7486},
	Pages = {67--70},
	Publisher = {Nature Publishing Group, a division of Macmillan Publishers Limited. All Rights Reserved.},
	Title = {Measurement of parity violation in electron-quark scattering},
	Ty = {JOUR},
	Url = {http://dx.doi.org/10.1038/nature12964},
	Volume = {506},
	Year = {2014},
	Bdsk-Url-1 = {http://dx.doi.org/10.1038/nature12964}
	}
@article{PhysRevLett.96.012301,
  title = {Two-Photon-Exchange Effects in the Electroexcitation of the $\bigtriangleup$ Resonance},
  author = {Pascalutsa, Vladimir and Carlson, Carl E. and Vanderhaeghen, Marc},
  journal = {Phys. Rev. Lett.},
  volume = {96},
  issue = {1},
  pages = {012301},
  numpages = {4},
  year = {2006},
  month = {Jan},
  publisher = {American Physical Society},
  doi = {10.1103/PhysRevLett.96.012301},
  url = {http://link.aps.org/doi/10.1103/PhysRevLett.96.012301}
}
@article{PhysRev.114.887,
  title = {Photon and Electron Polarization in High-Energy Bremsstrahlung and Pair Production with Screening},
  author = {Olsen, Haakon and Maximon, L. C.},
  journal = {Phys. Rev.},
  volume = {114},
  issue = {3},
  pages = {887--904},
  numpages = {0},
  year = {1959},
  month = {May},
  publisher = {American Physical Society},
  doi = {10.1103/PhysRev.114.887},
  url = {http://link.aps.org/doi/10.1103/PhysRev.114.887}
}
@article{qweakNIM,
  title = {The Q$_{weak}$ Experimental Apparatus},
  author = {Androic, D. and Armstrong, D. S. and Asaturyan, A. and Averett, T. and Balewski, J. and Beaufait, J. and Beminiwattha, R. S. and Benesch, J. and Benmokhtar, F. and Birchall, J. and Carlini, R. D. and Cates, G. D. and Cornejo, J. C. and Covrig, S. and Dalton, M. M. and Davis, C. A. and Deconinck, W. and Diefenbach, J. and Dowd, J. F. and Dunne, J. A. and Dutta, D. and Duvall, W. S. and Elaasar, M. and Falk, W. R. and Finn, J. M. and Forest, T. and Gaskell, D. and Gericke, M. T. W. and Grames, J. and Gray, V. M. and Grimm, K. and Guo, F. and Hoskins, J. R. and Johnston, K. and Jones, D. and Jones, M. and Jones, R. and Kargiantoulakis, M. and King, P. M. and Korkmaz, E. and Kowalski, S. and Leacock, J. and Leckey, J. and Lee, A. R. and Lee, J. H. and Lee, L. and MacEwan, S. and Mack, D. and Magee, J. A. and Mahurin, R. and Mammei, J. and Martin, J. W. and McHugh, M. J. and Meekins, D. and Mei, J. and Michaels, R. and Micherdzinska, A. and Mkrtchyan, A. and Mkrtchyan, H. and Morgan, N. and Myers, K. E. and Narayan, A. and Ndukum, L. Z. and Nelyubin, V. and Nuruzzaman and van Oers, W. T. H. and Opper, A. K. and Page, S. A. and Pan, J. and Paschke, K. D. and Phillips, S. K. and Pitt, M. L. and Poelker, M. and Rajotte, J. F. and Ramsay, W. D. and Roche, J. and Sawatzky, B. and Seva, T. and Shabestari, M. H. and Silwal, R. and Simicevic, N. and Smith, G. R. and Solvignon, P. and Spayde, D. T. and Subedi, A. and Subedi, R. and Suleiman, R. and Tadevosyan, V. and Tobias, W. A. and Tvaskis, V. and Waidyawansa, B. and Wang, P. and Wells, S. P. and Wood, S. A. and Yang, S. and Young, R. D. and Zhamkochyan, S.},
collaboration = {Q_{weak} Collaboration},
volume = "XXX",
number = "X",
pages = "XX - XX",
year = "2014",
note = "",
issn = "XXXX-XXXX",
doi = "",
url = " ",
keywords = "",
keywords = " "
}
@article{Allison:2014tpu,
      author         = "Allison, T. and others",
      title          = "{The Q_weak Experimental Apparatus}",
      collaboration  = "Qweak Collaboration",
      year           = "2014",
      eprint         = "1409.7100",
      archivePrefix  = "arXiv",
      primaryClass   = "physics.ins-det",
      reportNumber   = "JLAB-PHY-14-1959",
      SLACcitation   = "%%CITATION = ARXIV:1409.7100;%%",
}
@article{Hasert1973138,
title = "Observation of neutrino-like interactions without muon or electron in the gargamelle neutrino experiment ",
journal = "Physics Letters B ",
volume = "46",
number = "1",
pages = "138 - 140",
year = "1973",
note = "",
issn = "0370-2693",
doi = "http://dx.doi.org/10.1016/0370-2693(73)90499-1",
url = "http://www.sciencedirect.com/science/article/pii/0370269373904991",
author = "F.J. Hasert and S. Kabe and W. Krenz and J. Von Krogh and D. Lanske and J. Morfin and K. Schultze and H. Weerts and G.H. Bertrand-Coremans and J. Sacton and W. Van Doninck and P. Vilain and U. Camerini and D.C. Cundy and R. Baldi and I. Danilchenko and W.F. Fry and D. Haidt and S. Natali and P. Musset and B. Osculati and R. Palmer and J.B.M. Pattison and D.H. Perkins and A. Pullia and A. Rousset and W. Venus and H. Wachsmuth and V. Brisson and B. Degrange and M. Haguenauer and L. Kluberg and U. Nguyen-Khac and P. Petiau and E. Belotti and S. Bonetti and D. Cavalli and C. Conta and E. Fiorini and M. Rollier and B. Aubert and D. Blum and L.M. Chounet and P. Heusse and A. Lagarrigue and A.M. Lutz and A. Orkin-Lecourtois and J.P. Vialle and F.W. Bullock and M.J. Esten and T.W. Jones and J. McKenzie and A.G. Michette and G. Myatt and W.G. Scott"
}
@article{Hasert1973121,
title = "Search for elastic muon-neutrino electron scattering ",
journal = "Physics Letters B ",
volume = "46",
number = "1",
pages = "121 - 124",
year = "1973",
note = "",
issn = "0370-2693",
doi = "http://dx.doi.org/10.1016/0370-2693(73)90494-2",
url = "http://www.sciencedirect.com/science/article/pii/0370269373904942",
author = "F.J. Hasert and H. Faissner and W. Krenz and J. Von Krogh and D. Lanske and J. Morfin and K. Schultze and H. Weerts and G.H. Bertrand-Coremans and J. Lemonne and J. Sacton and W. Van Doninck and P. Vilain and C. Baltay and D.C. Cundy and D. Haidt and M. Jaffre and P. Musset and A. Pullia and S. Natali and J.B.M. Pattison and D.H. Perkins and A. Rousset and W. Venus and H.W. Wachsmuth and V. Brisson and B. Degrange and M. Haguenauer and L. Kluberg and U. Nguyen-Khac and P. Petiau and E. Bellotti and S. Bonetti and D. Cavalli and C. Conta and E. Fiorini and M. Rollier and B. Aubert and L.M. Chounet and P. Heusse and A. Lagarrigue and A.M. Lutz and J.P. Vialle and F.W. Bullock and M.J. Esten and T. Jones and J. McKenzie and A.G. Michette and G. Myatt and J. Pinfold and W.G. Scott"
}
@article{Hasert19741,
title = "Observation of neutrino-like interactions without muon or electron in the Gargamelle neutrino experiment ",
journal = "Nuclear Physics B ",
volume = "73",
number = "1",
pages = "1 - 22",
year = "1974",
note = "",
issn = "0550-3213",
doi = "http://dx.doi.org/10.1016/0550-3213(74)90038-8",
url = "http://www.sciencedirect.com/science/article/pii/0550321374900388",
author = "F.J. Hasert and S. Kabe and W. Krenz and J. Von Krogh and D. Lanske and J. Morfin and K. Schultze and H. Weerts and G. Bertrand-Coremans and J. Sacton and W. Van Doninck and P. Vilain and R. Baldi and U. Camerini and D.C. Cundy and I. Danilchenko and W.F. Fry and D. Haidt and S. Natali and P. Musset and B. Osculati and R. Palmer and J.B.M. Pattison and D.H. Perkins and A. Pullia and A. Rousset and W. Venus and H. Wachsmuth and V. Brisson and B. Degrange and M. Haguenauer and L. Kluberg and U. Nguyen-Khac and P. Petiau and E. Bellotti and S. Bonetti and D. Cavalli and C. Conta and E. Fiorini and M. Rollier and B. Aubert and D. Blum and L.M. Chounet and P. Heusse and A. Lagarrigue and A.M. Lutz and A. Orkin-Lecourtois and J.P. Vialle and F.W. Bullock and M.J. Esten and T.W. Jones and J. McKenzie and A.G. Michette and G. Myatt and W.G. Scott"
}
@article{PhysRevC.72.034602,
  title = {Vector analyzing power in elastic electron-nucleus scattering},
  author = {Cooper, E. D. and Horowitz, C. J.},
  journal = {Phys. Rev. C},
  volume = {72},
  issue = {3},
  pages = {034602},
  numpages = {6},
  year = {2005},
  month = {Sep},
  publisher = {American Physical Society},
  doi = {10.1103/PhysRevC.72.034602},
  url = {http://link.aps.org/doi/10.1103/PhysRevC.72.034602}
}
@article{PhysRevC.77.044606,
  title = {Analyzing power in elastic scattering of electrons off a spin-0 target},
  author = {Gorchtein, M. and Horowitz, C. J.},
  journal = {Phys. Rev. C},
  volume = {77},
  issue = {4},
  pages = {044606},
  numpages = {6},
  year = {2008},
  month = {Apr},
  publisher = {American Physical Society},
  doi = {10.1103/PhysRevC.77.044606},
  url = {http://link.aps.org/doi/10.1103/PhysRevC.77.044606}
}
@article{Afanasev200448,
title = "Collinear photon exchange in the beam normal polarization asymmetry of elastic electron-proton scattering ",
journal = "Physics Letters B ",
volume = "599",
number = "1-2",
pages = "48 - 54",
year = "2004",
note = "",
issn = "0370-2693",
doi = "http://dx.doi.org/10.1016/j.physletb.2004.08.023",
url = "http://www.sciencedirect.com/science/article/pii/S0370269304011700",
author = "Andrei V. Afanasev and N.P. Merenkov"
}
@article{Banta:1997ac,
      author         = "Banta, P. and Chen, J. and Heyes, W.G. and Jastrzembski,
                        E. and Timmer, C. and others",
      title          = "{The Front end readout control software for the CODA data
                        acquisition toolkit}",
      year           = "1997",
      SLACcitation   = "%%CITATION = INSPIRE-445926;%%",
}
@article{Klempt:2002cu,
      author         = "Klempt, E.",
      title          = "{Baryon resonances and strong QCD}",
      year           = "2002",
      eprint         = "nucl-ex/0203002",
      archivePrefix  = "arXiv",
      primaryClass   = "nucl-ex",
      SLACcitation   = "%%CITATION = NUCL-EX/0203002;%%",
}
@article{Gorchtein2004234,
title = "Beam normal spin asymmetry in elastic lepton-nucleon scattering ",
journal = "Nuclear Physics A ",
volume = "741",
number = "0",
pages = "234 - 248",
year = "2004",
note = "",
issn = "0375-9474",
doi = "http://dx.doi.org/10.1016/j.nuclphysa.2004.06.008",
url = "http://www.sciencedirect.com/science/article/pii/S0375947404007717",
author = "M Gorchtein and P.A.M Guichon and M Vanderhaeghen",
keywords = "Elastic electron?nucleon scattering",
keywords = "Perturbative calculations",
keywords = "Generalized parton distributions "
}
@article{Gorchtein2005273,
title = "Normal Spin Asymmetries in Elastic Electron-Proton Scattering ",
journal = "Nuclear Physics A ",
volume = "755",
number = "0",
pages = "273 - 276",
year = "2005",
note = "Proceedings of the 10th International Conference on the Structure of Baryons ",
issn = "0375-9474",
doi = "http://dx.doi.org/10.1016/j.nuclphysa.2005.03.026",
url = "http://www.sciencedirect.com/science/article/pii/S0375947405004185",
author = "M. Gorchtein and P.A.M. Guichon and M. Vanderhaeghen"
}
@article{Arrington2011782,
title = "Review of two-photon exchange in electron scattering ",
journal = "Progress in Particle and Nuclear Physics ",
volume = "66",
number = "4",
pages = "782 - 833",
year = "2011",
note = "",
issn = "0146-6410",
doi = "http://dx.doi.org/10.1016/j.ppnp.2011.07.003",
url = "http://www.sciencedirect.com/science/article/pii/S0146641011000962",
author = "J. Arrington and P.G. Blunden and W. Melnitchouk",
keywords = "Two-photon exchange",
keywords = "Radiative corrections",
keywords = "Form factors "
}
@article{PhysRevLett.84.1398,
  title = {$G_{Ep}$/$G_{Mp}$ ratio by polarization transfer in e(pol.) p -$>$ e p(pol.)},
  author = {Jones, M. K. and Aniol, K. A. and Baker, F. T. and Berthot, J. and Bertin, P. Y. and Bertozzi, W. and Besson, A. and Bimbot, L. and Boeglin, W. U. and Brash, E. J. and Brown, D. and Calarco, J. R. and Cardman, L. S. and Chang, C.-C. and Chen, J.-P. and Chudakov, E. and Churchwell, S. and Cisbani, E. and Dale, D. S. and De Leo, R. and Deur, A. and Diederich, B. and Domingo, J. J. and Epstein, M. B. and Ewell, L. A. and Fissum, K. G. and Fleck, A. and Fonvieille, H. and Frullani, S. and Gao, J. and Garibaldi, F. and Gasparian, A. and Gerstner, G. and Gilad, S. and Gilman, R. and Glamazdin, A. and Glashausser, C. and Gomez, J. and Gorbenko, V. and Green, A. and Hansen, J.-O. and Howell, C. R. and Huber, G. M. and Iodice, M. and de Jager, C. W. and Jaminion, S. and Jiang, X. and Kahl, W. and Kelly, J. J. and Khayat, M. and Kramer, L. H. and Kumbartzki, G. and Kuss, M. and Lakuriki, E. and Lavessi\`ere, G. and LeRose, J. J. and Liang, M. and Lindgren, R. A. and Liyanage, N. and Lolos, G. J. and Macri, R. and Madey, R. and Malov, S. and Margaziotis, D. J. and Markowitz, P. and McCormick, K. and McIntyre, J. I. and van der Meer, R. L. J. and Michaels, R. and Milbrath, B. D. and Mougey, J. Y. and Nanda, S. K. and Offermann, E. A. J. M. and Papandreou, Z. and Perdrisat, C. F. and Petratos, G. G. and Piskunov, N. M. and Pomatsalyuk, R. I. and Prout, D. L. and Punjabi, V. and Qu\'em\'ener, G. and Ransome, R. D. and Raue, B. A. and Roblin, Y. and Roche, R. and Rutledge, G. and Rutt, P. M. and Saha, A. and Saito, T. and Sarty, A. J. and Smith, T. P. and Sorokin, P. and Strauch, S. and Suleiman, R. and Takahashi, K. and Templon, J. A. and Todor, L. and Ulmer, P. E. and Urciuoli, G. M. and Vernin, P. and Vlahovic, B. and Voskanyan, H. and Wijesooriya, K. and Wojtsekhowski, B. B. and Woo, R. J. and Xiong, F. and Zainea, G. D. and Zhou, Z.-L.},
  collaboration = {(The Jefferson Lab Hall A Collaboration)},
  journal = {Phys. Rev. Lett.},
  volume = {84},
  issue = {7},
  pages = {1398--1402},
  numpages = {0},
  year = {2000},
  month = {Feb},
  publisher = {American Physical Society},
  doi = {10.1103/PhysRevLett.84.1398},
  url = {http://link.aps.org/doi/10.1103/PhysRevLett.84.1398}
}
@article{PhysRevLett.88.092301,
  title = {Measurement of ${G}_{{E}_{p}}/{G}_{{M}_{p}}$ in e(pol)p-$>$ep(pol) to $Q^{2}\phantom{\rule{0ex}{0ex}}=\phantom{\rule{0ex}{0ex}}5.6{\mathrm{GeV}}^{2}$},
  author = {Gayou, O. and Aniol, K. A. and Averett, T. and Benmokhtar, F. and Bertozzi, W. and Bimbot, L. and Brash, E. J. and Calarco, J. R. and Cavata, C. and Chai, Z. and Chang, C.-C. and Chang, T. and Chen, J.-P. and Chudakov, E. and De Leo, R. and Dieterich, S. and Endres, R. and Epstein, M. B. and Escoffier, S. and Fissum, K. G. and Fonvieille, H. and Frullani, S. and Gao, J. and Garibaldi, F. and Gilad, S. and Gilman, R. and Glamazdin, A. and Glashausser, C. and Gomez, J. and Gorbenko, V. and Hansen, J.-O. and Higinbotham, D. W. and Huber, G. M. and Iodice, M. and de Jager, C. W. and Jiang, X. and Jones, M. K. and Kelly, J. J. and Khandaker, M. and Kozlov, A. and Kramer, K. M. and Kumbartzki, G. and LeRose, J. J. and Lhuillier, D. and Lindgren, R. A. and Liyanage, N. and Lolos, G. J. and Margaziotis, D. J. and Marie, F. and Markowitz, P. and McCormick, K. and Michaels, R. and Milbrath, B. D. and Nanda, S. K. and Neyret, D. and Papandreou, Z. and Pentchev, L. and Perdrisat, C. F. and Piskunov, N. M. and Punjabi, V. and Pussieux, T. and Qu\'em\'ener, G. and Ransome, R. D. and Raue, B. A. and Roch\'e, R. and Rvachev, M. and Saha, A. and Salgado, C. and \ifmmode \check{S}\else \v{S}\fi{}irca, S. and Sitnik, I. and Strauch, S. and Todor, L. and Tomasi-Gustafsson, E. and Urciuoli, G. M. and Voskanyan, H. and Wijesooriya, K. and Wojtsekhowski, B. B. and Zheng, X. and Zhu, L.},
  collaboration = {(Jefferson Lab Hall A Collaboration)},
  journal = {Phys. Rev. Lett.},
  volume = {88},
  issue = {9},
  pages = {092301},
  numpages = {5},
  year = {2002},
  month = {Feb},
  publisher = {American Physical Society},
  doi = {10.1103/PhysRevLett.88.092301},
  url = {http://link.aps.org/doi/10.1103/PhysRevLett.88.092301}
}
@article{PhysRevC.70.015206,
  title = {Measurements of electron-proton elastic cross sections for $0.4\&lt;{Q}^{2}\&lt;5.5\phantom{\rule{0.3em}{0ex}}{(\mathrm{GeV}c)}^{2}$},
  author = {Christy, M. E. and Ahmidouch, A. and Armstrong, C. S. and Arrington, J. and Asaturyan, R. and Avery, S. and Baker, O. K. and Beck, D. H. and Blok, H. P. and Bochna, C. W. and Boeglin, W. and Bosted, P. and Bouwhuis, M. and Breuer, H. and Brown, D. S. and Bruell, A. and Carlini, R. D. and Chant, N. S. and Cochran, A. and Cole, L. and Danagoulian, S. and Day, D. B. and Dunne, J. and Dutta, D. and Ent, R. and Fenker, H. C. and Fox, B. and Gan, L. and Gao, H. and Garrow, K. and Gaskell, D. and Gasparian, A. and Geesaman, D. F. and Gu\`eye, P. L. J. and Harvey, M. and Holt, R. J. and Jiang, X. and Keppel, C. E. and Kinney, E. and Liang, Y. and Lorenzon, W. and Lung, A. and Markowitz, P. and Martin, J. W. and McIlhany, K. and McKee, D. and Meekins, D. and Miller, M. A. and Milner, R. G. and Mitchell, J. H. and Mkrtchyan, H. and Mueller, B. A. and Nathan, A. and Niculescu, G. and Niculescu, I. and O'Neill, T. G. and Papavassiliou, V. and Pate, S. F. and Piercey, R. B. and Potterveld, D. and Ransome, R. D. and Reinhold, J. and Rollinde, E. and Roos, P. and Sarty, A. J. and Sawafta, R. and Schulte, E. C. and Segbefia, E. and Smith, C. and Stepanyan, S. and Strauch, S. and Tadevosyan, V. and Tang, L. and Tieulent, R. and Uzzle, A. and Vulcan, W. F. and Wood, S. A. and Xiong, F. and Yuan, L. and Zeier, M. and Zihlmann, B. and Ziskin, V.},
  journal = {Phys. Rev. C},
  volume = {70},
  issue = {1},
  pages = {015206},
  numpages = {15},
  year = {2004},
  month = {Jul},
  publisher = {American Physical Society},
  doi = {10.1103/PhysRevC.70.015206},
  url = {http://link.aps.org/doi/10.1103/PhysRevC.70.015206}
}
@article{Arrington:2003tq,
      author         = "Arrington, J.",
      title          = "{New measurement of G(E) / G(M) for the proton}",
      collaboration  = "JLab E01-001 Collaboration",
      year           = "2003",
      eprint         = "nucl-ex/0312017",
      archivePrefix  = "arXiv",
      primaryClass   = "nucl-ex",
      reportNumber   = "JLAB-PHY-03-222",
      SLACcitation   = "%%CITATION = NUCL-EX/0312017;%%",
}
@article{PhysRevLett.91.142303,
  title = {How to Reconcile the Rosenbluth and the Polarization Transfer Methods in the Measurement of the Proton Form Factors},
  author = {Guichon, P. A. M. and Vanderhaeghen, M.},
  journal = {Phys. Rev. Lett.},
  volume = {91},
  issue = {14},
  pages = {142303},
  numpages = {4},
  year = {2003},
  month = {Oct},
  publisher = {American Physical Society},
  doi = {10.1103/PhysRevLett.91.142303},
  url = {http://link.aps.org/doi/10.1103/PhysRevLett.91.142303}
}
@article{DeRújula1973545,
title = "Optimal positivity bounds to the up-down asymmetry in elastic electron-proton scattering ",
journal = "Nuclear Physics B ",
volume = "53",
number = "3",
pages = "545 - 566",
year = "1973",
note = "",
issn = "0550-3213",
doi = "http://dx.doi.org/10.1016/0550-3213(73)90461-6",
url = "http://www.sciencedirect.com/science/article/pii/0550321373904616",
author = "Alvaro De Rújula and J.M. Kaplan and E. De Rafael"
}
@article{DeRújula197850,
title = "On the challenge of measuring the colour charge of gluons ",
journal = "Nuclear Physics B ",
volume = "146",
number = "1",
pages = "50 - 62",
year = "1978",
note = "",
issn = "0550-3213",
doi = "http://dx.doi.org/10.1016/0550-3213(78)90431-5",
url = "http://www.sciencedirect.com/science/article/pii/0550321378904315",
author = "A. De Rújula and R. Petronzio and B. Lautrup"
}
@article{DeRujula1971365,
title = "Elastic scattering of electrons from polarized protons and inelastic electron scattering experiments ",
journal = "Nuclear Physics B ",
volume = "35",
number = "2",
pages = "365 - 389",
year = "1971",
note = "",
issn = "0550-3213",
doi = "http://dx.doi.org/10.1016/0550-3213(71)90460-3",
url = "http://www.sciencedirect.com/science/article/pii/0550321371904603",
author = "A. De Rújula and J.M. Kaplan and E. de Rafael"
}
@article{PhysRev.184.1860,
  title = {Two-Photon Exchange in Electron-Proton Scattering},
  author = {Greenhut, Gary K.},
  journal = {Phys. Rev.},
  volume = {184},
  issue = {5},
  pages = {1860--1867},
  numpages = {0},
  year = {1969},
  month = {Aug},
  publisher = {American Physical Society},
  doi = {10.1103/PhysRev.184.1860},
  url = {http://link.aps.org/doi/10.1103/PhysRev.184.1860}
}
@article{PhysRevD.86.093022,
  title = {Shape of the $\Delta$ baryon in a covariant spectator quark model},
  author = {Ramalho, G. and Pe\~na, M. T. and Stadler, A.},
  journal = {Phys. Rev. D},
  volume = {86},
  issue = {9},
  pages = {093022},
  numpages = {14},
  year = {2012},
  month = {Nov},
  publisher = {American Physical Society},
  doi = {10.1103/PhysRevD.86.093022},
  url = {http://link.aps.org/doi/10.1103/PhysRevD.86.093022}
}
@article{Segovia2014,
year={2014},
issn={0177-7963},
journal={Few-Body Systems},
volume={55},
number={1},
doi={10.1007/s00601-013-0734-x},
title={Elastic and Transition Form Factors of the Delta(1232)},
url={http://dx.doi.org/10.1007/s00601-013-0734-x},
publisher={Springer Vienna},
author={Segovia, Jorge and Chen, Chen and Cloët, IanC. and Roberts, CraigD. and Schmidt, SebastianM. and Wan, Shaolong},
pages={1-33},
language={English}
}
@article{doi:10.1146/annurev.nucl.57.090506.123116,
author = {Carlson, Carl E. and Vanderhaeghen, Marc},
title = {Two-Photon Physics in Hadronic Processes},
journal = {Annual Review of Nuclear and Particle Science},
volume = {57},
number = {1},
pages = {171-204},
year = {2007},
doi = {10.1146/annurev.nucl.57.090506.123116},
URL = { 
        http://dx.doi.org/10.1146/annurev.nucl.57.090506.123116    
},
eprint = { 
        http://dx.doi.org/10.1146/annurev.nucl.57.090506.123116   
}
}
@article{Kondratyuk:2006am,
      author         = "Kondratyuk, S. and Blunden, P.G. and Melnitchouk, W. and
                        Tjon, J.A.",
      title          = "{Two-photon exchange in elastic and inelastic
                        electron-proton scattering}",
      journal        = "AIP Conf.Proc.",
      volume         = "842",
      pages          = "336-338",
      doi            = "10.1063/1.2220263",
      year           = "2006",
      reportNumber   = "JLAB-THY-05-471",
      SLACcitation   = "%%CITATION = APCPC,842,336;%%",
}
@article{PhysRevLett.91.142304,
  title = {Two-Photon Exchange and Elastic Electron-Proton Scattering},
  author = {Blunden, P. G. and Melnitchouk, W. and Tjon, J. A.},
  journal = {Phys. Rev. Lett.},
  volume = {91},
  issue = {14},
  pages = {142304},
  numpages = {4},
  year = {2003},
  month = {Oct},
  publisher = {American Physical Society},
  doi = {10.1103/PhysRevLett.91.142304},
  url = {http://link.aps.org/doi/10.1103/PhysRevLett.91.142304}
}
@article{PhysRevC.73.025206,
  title = {Experimental constraints on nonlinearities induced by two-photon effects in elastic and inelastic Rosenbluth separations},
  author = {Tvaskis, V. and Arrington, J. and Christy, M. E. and Ent, R. and Keppel, C. E. and Liang, Y. and Vittorini, G.},
  journal = {Phys. Rev. C},
  volume = {73},
  issue = {2},
  pages = {025206},
  numpages = {6},
  year = {2006},
  month = {Feb},
  publisher = {American Physical Society},
  doi = {10.1103/PhysRevC.73.025206},
  url = {http://link.aps.org/doi/10.1103/PhysRevC.73.025206}
}
@article{Mukhopadhyay1998481,
title = "Parity-violating excitation of the $\Delta$(1232): hadron structure and new physics ",
journal = "Nuclear Physics A ",
volume = "633",
number = "3",
pages = "481 - 518",
year = "1998",
note = "",
issn = "0375-9474",
doi = "http://dx.doi.org/10.1016/S0375-9474(98)00147-X",
url = "http://www.sciencedirect.com/science/article/pii/S037594749800147X",
author = "Nimai C. Mukhopadhyay and M.J. Ramsey-Musolf and Steven J. Pollock and Jùn Líu and H.-W. Hammer",
keywords = "Parity-violation",
keywords = "Electron scattering",
keywords = "Delta resonance "
}
@article{PhysRevD.65.033001,
  title = {Electroweak radiative corrections to parity-violating electroexcitation of the $\Delta$},
  author = {Zhu, Shi-Lin and Maekawa, C. M. and Sacco, G. and Holstein, B. R. and Ramsey-Musolf, M. J.},
  journal = {Phys. Rev. D},
  volume = {65},
  issue = {3},
  pages = {033001},
  numpages = {26},
  year = {2001},
  month = {Dec},
  publisher = {American Physical Society},
  doi = {10.1103/PhysRevD.65.033001},
  url = {http://link.aps.org/doi/10.1103/PhysRevD.65.033001}
}
@article{PhysRevLett.95.172503,
  title = {$\Delta$ Resonance Contribution to Two-Photon Exchange in Electron-Proton Scattering},
  author = {Kondratyuk, S. and Blunden, P. G. and Melnitchouk, W. and Tjon, J. A.},
  journal = {Phys. Rev. Lett.},
  volume = {95},
  issue = {17},
  pages = {172503},
  numpages = {4},
  year = {2005},
  month = {Oct},
  publisher = {American Physical Society},
  doi = {10.1103/PhysRevLett.95.172503},
  url = {http://link.aps.org/doi/10.1103/PhysRevLett.95.172503}
}
@article{PhysRevD.49.5671,
  title = {Measurements of the proton elastic form factors for 1$\le {Q}^{2}\le$ 3 (GeV/c)$^{2}$ at SLAC},
  author = {Walker, R. C. and Filippone, B. W. and Jourdan, J. and Milner, R. and McKeown, R. and Potterveld, D. and Andivahis, L. and Arnold, R. and Benton, D. and Bosted, P. and deChambrier, G. and Lung, A. and Rock, S. E. and Szalata, Z. M. and Para, A. and Dietrich, F. and Van Bibber, K. and Button-Shafer, J. and Debebe, B. and Hicks, R. S. and Dasu, S. and de Barbaro, P. and Bodek, A. and Harada, H. and Krasny, M. W. and Lang, K. and Riordan, E. M. and Gearhart, R. and Whitlow, L. W. and Alster, J.},
  journal = {Phys. Rev. D},
  volume = {49},
  issue = {11},
  pages = {5671--5689},
  numpages = {0},
  year = {1994},
  month = {Jun},
  publisher = {American Physical Society},
  doi = {10.1103/PhysRevD.49.5671},
  url = {http://link.aps.org/doi/10.1103/PhysRevD.49.5671}
}
@article{PhysRevD.50.5491,
  title = {Measurements of the electric and magnetic form factors of the proton from $Q^{2}$=1.75 to 8.83 (GeV/c)$^{2}$},
  author = {Andivahis, L. and Bosted, P. E. and Lung, A. and Stuart, L. M. and Alster, J. and Arnold, R. G. and Chang, C. C. and Dietrich, F. S. and Dodge, W. and Gearhart, R. and Gomez, J. and Griffioen, K. A. and Hicks, R. S. and Hyde-Wright, C. E. and Keppel, C. and Kuhn, S. E. and Lichtenstadt, J. and Miskimen, R. A. and Peterson, G. A. and Petratos, G. G. and Rock, S. E. and Rokni, S. and Sakumoto, W. K. and Spengos, M. and Swartz, K. and Szalata, Z. and Tao, L. H.},
  journal = {Phys. Rev. D},
  volume = {50},
  issue = {9},
  pages = {5491--5517},
  numpages = {0},
  year = {1994},
  month = {Nov},
  publisher = {American Physical Society},
  doi = {10.1103/PhysRevD.50.5491},
  url = {http://link.aps.org/doi/10.1103/PhysRevD.50.5491}
}
@article{PhysRevLett.94.142301,
  title = {Precision Rosenbluth Measurement of the Proton Elastic Form Factors},
  author = {Qattan, I. A. and Arrington, J. and Segel, R. E. and Zheng, X. and Aniol, K. and Baker, O. K. and Beams, R. and Brash, E. J. and Calarco, J. and Camsonne, A. and Chen, J.-P. and Christy, M. E. and Dutta, D. and Ent, R. and Frullani, S. and Gaskell, D. and Gayou, O. and Gilman, R. and Glashausser, C. and Hafidi, K. and Hansen, J.-O. and Higinbotham, D. W. and Hinton, W. and Holt, R. J. and Huber, G. M. and Ibrahim, H. and Jisonna, L. and Jones, M. K. and Keppel, C. E. and Kinney, E. and Kumbartzki, G. J. and Lung, A. and Margaziotis, D. J. and McCormick, K. and Meekins, D. and Michaels, R. and Monaghan, P. and Moussiegt, P. and Pentchev, L. and Perdrisat, C. and Punjabi, V. and Ransome, R. and Reinhold, J. and Reitz, B. and Saha, A. and Sarty, A. and Schulte, E. C. and Slifer, K. and Solvignon, P. and Sulkosky, V. and Wijesooriya, K. and Zeidman, B.},
  journal = {Phys. Rev. Lett.},
  volume = {94},
  issue = {14},
  pages = {142301},
  numpages = {5},
  year = {2005},
  month = {Apr},
  publisher = {American Physical Society},
  doi = {10.1103/PhysRevLett.94.142301},
  url = {http://link.aps.org/doi/10.1103/PhysRevLett.94.142301}
}
@article{PhysRevC.75.038201,
  title = {Contribution of spin 1/2 and 3/2 resonances to two-photon exchange effects in elastic electron-proton scattering},
  author = {Kondratyuk, S. and Blunden, P. G.},
  journal = {Phys. Rev. C},
  volume = {75},
  issue = {3},
  pages = {038201},
  numpages = {3},
  year = {2007},
  month = {Mar},
  publisher = {American Physical Society},
  doi = {10.1103/PhysRevC.75.038201},
  url = {http://link.aps.org/doi/10.1103/PhysRevC.75.038201}
}
@article{Pasquini2005,
title={Single spin asymmetries in elastic electron-nucleon scattering},
url={http://dx.doi.org/10.1007/3-540-26345-4_5},
publisher={Springer Berlin Heidelberg},
author={Pasquini, B. and Vanderhaeghen, M.},
journal = {Eur Phys J},
volume = {24},
issue = {s2},
pages={29-32},
year={2005},
isbn={978-3-540-25501-7},
booktitle={From Parity Violation to Hadronic Structure and more},
editor={Kox, Serge and Lhuillier, David and Maas, Frank and van de Wiele, Jacques},
doi={10.1007/3-540-26345-4_5}
}
@article{PhysRevC.73.055201,
  title = {Beam normal spin asymmetry in the quasireal Compton scattering approximation},
  author = {Gorchtein, M.},
  journal = {Phys. Rev. C},
  volume = {73},
  issue = {5},
  pages = {055201},
  numpages = {9},
  year = {2006},
  month = {May},
  publisher = {American Physical Society},
  doi = {10.1103/PhysRevC.73.055201},
  url = {http://link.aps.org/doi/10.1103/PhysRevC.73.055201}
}
@article{PhysRevC.76.035205,
  title = {Global analysis of proton elastic form factor data with two-photon exchange corrections},
  author = {Arrington, J. and Melnitchouk, W. and Tjon, J. A.},
  journal = {Phys. Rev. C},
  volume = {76},
  issue = {3},
  pages = {035205},
  numpages = {11},
  year = {2007},
  month = {Sep},
  publisher = {American Physical Society},
  doi = {10.1103/PhysRevC.76.035205},
  url = {http://link.aps.org/doi/10.1103/PhysRevC.76.035205}
}
@article{PhysRevC.23.363,
  title = {Polarization transfer in elastic electron scattering from nucleons and deuterons},
  author = {Arnold, Raymond G. and Carlson, Carl E. and Gross, Franz},
  journal = {Phys. Rev. C},
  volume = {23},
  issue = {1},
  pages = {363--374},
  numpages = {12},
  year = {1981},
  month = {Jan},
  publisher = {American Physical Society},
  doi = {10.1103/PhysRevC.23.363},
  url = {http://link.aps.org/doi/10.1103/PhysRevC.23.363}
}
@article{PhysRev.79.615,
  title = {High Energy Elastic Scattering of Electrons on Protons},
  author = {Rosenbluth, M. N.},
  journal = {Phys. Rev.},
  volume = {79},
  issue = {4},
  pages = {615--619},
  numpages = {5},
  year = {1950},
  month = {Aug},
  publisher = {American Physical Society},
  doi = {10.1103/PhysRev.79.615},
  url = {http://link.aps.org/doi/10.1103/PhysRev.79.615}
}
@article{Dahiya:2011tv,
      author         = "Dahiya, Harleen and Sharma, Neetika",
      title          = "{Electromagnetic form factors of the nucleon in the
                        chiral constituent quark model}",
      year           = "2011",
      eprint         = "1108.0250",
      archivePrefix  = "arXiv",
      primaryClass   = "hep-ph",
      SLACcitation   = "%%CITATION = ARXIV:1108.0250;%%",
}

%D.T. Pierce, F. Meier, and P. Zurcher. Negative electron anity GaAs: A new source
%of spin-polarized electrons. Applied Physics Letters, 26(12):670{672, 1975.
@INPROCEEDINGS{1591576,
author={Allison, T. and Higgins, S. and Martin, E. and Merz, W. and Philip, S.},
booktitle={Particle Accelerator Conference, 2005. PAC 2005. Proceedings of the},
title={Jefferson Lab's Trim Card II},
year={2005},
month={May},
pages={3670-3672},
keywords={Central Processing Unit;Displays;Field programmable gate arrays;Flexible printed circuits;Magnets;Microprocessors;Monitoring;Power amplifiers;Power supplies;Regulators},
doi={10.1109/PAC.2005.1591576}
}
%%########################################################################
%%######################## Techinacal Report #############################
%%########################################################################
@techreport{nur_bm_GUI_proposal,
   author = {Nuruzzaman and $\textit{et}$. $\textit{all}$},
    title = "{Beam Modulation GUI proposal}",
	 type = {},
     year = {2009},
    month = {December},
   number = {Qweak-DocDB-1140},
  address = {},
   adsurl = {https://qweak.jlab.org/doc-private/ShowDocument?docid=1140},
     note = {Submitted to accelerator division of JLab and was used as a reference for control system of Beam Modulation in the $Q^p_{weak}$ experiment.}
}
@techreport{nur_linear_reg,
   author = {Nuruzzaman and $\textit{et}$. $\textit{all}$},
    title = "{Position and Angle Determination at the $Q^p_{weak}$ Target for Beam Modulation}",
	 type = {},
     year = {2010},
    month = {March},
   number = {Qweak-DocDB-1208},
  address = {},
   adsurl = {https://qweak.jlab.org/doc-private/ShowDocument?docid=1208},
     note = {Used as a reference for how the position and angle determination at the target for beam modulation in the $Q^p_{weak}$ experiment.}
}
@techreport{nur_beamline_sketch,
   author = {Nuruzzaman and $\textit{et}$. $\textit{all}$},
    title = "{List of Beam Components \& Critical BPMs}",
	 type = {},
     year = {2010},
    month = {Feb},
   number = {Qweak-DocDB-1203},
  address = {},
   adsurl = {https://qweak.jlab.org/doc-private/ShowDocument?docid=1203},
     note = {}
}
@techreport{nur_bm_energy,
   author = {Nuruzzaman and $\textit{et}$. $\textit{all}$},
    title = "{How Beam Energy will be Identified in $Q^p_{weak}$}",
	 type = {},
     year = {2010},
    month = {January},
   number = {Qweak-DocDB-1149},
  address = {},
   adsurl = {https://qweak.jlab.org/doc-private/ShowDocument?docid=1149},
     note = {Used as a reference for how the beam enegy will be identified in the $Q^p_{weak}$ experiment.}
}
@techreport{nur_bm_machine_protection,
   author = {Nuruzzaman and $\textit{et}$. $\textit{all}$},
    title = "{Machine Protection Analysis of the Beam Modulation System for the $Q^p_{weak}$ Experiment}",
	 type = {},
     year = {2010},
    month = {March},
   number = {Qweak-DocDB-1207},
  address = {},
   adsurl = {https://qweak.jlab.org/doc-private/ShowDocument?docid=1207},
     note = {{This analysis shows the worst case possibilities we can have during the experiment for Beam Modulation in $Q^p_{weak}$ experiment.}}
}
@techreport{nur_bm_final,
   author = {Nuruzzaman and $\textit{et}$. $\textit{all}$},
    title = "{Beam Modulation in the 3C Line for the $Q^p_{weak}$ Experiment}",
	   type = {Hall-C Technical Note},
     year = {2009},
    month = {Jun},
   number = {Qweak-DocDB-2126},
  address = {},
   adsurl = {https://qweak.jlab.org/doc-private/ShowDocument?docid=2126},
     note = {Beam Modulation write up for $Q^p_{weak}$ experiment.}
}
@techreport{nur_bm_lem,
   author = {Nuruzzaman},
    title = "{LEM Current Transducer for the Beam Modulation System}",
	 type = {},
     year = {2011},
    month = {September},
   number = {Qweak-DocDB-2120},
  address = {},
   adsurl = {https://qweak.jlab.org/doc-private/ShowDocument?docid=2120},
     note = {}
}
@techreport{nur_bm_controls,
   author = {Nuruzzaman and Scott Higgins and Dave Mack and Josh Hoskins},
    title = "{Beam Modulation Controls and Software Sketch for the Q-weak Experiment}",
	 type = {},
     year = {2010},
    month = {May},
   number = {Qweak-DocDB-2119},
  address = {},
   adsurl = {https://qweak.jlab.org/doc-private/ShowDocument?docid=2119},
     note = {}
}
@techreport{nur_hel_cor_ped_ana,
   author = {Nuruzzaman},
    title = "{Survey of Helicity Correlated Pedestal Differences for the Full Q-weak Data Set}",
	 type = {},
     year = {2014},
    month = {July},
   number = {Qweak-DocDB-2016},
  address = {},
   adsurl = {https://qweak.jlab.org/doc-private/ShowDocument?docid=2016},
     note = {}
}
@techreport{bpm1,
   author = {G. Krafft and A. Hofler.},
    title = "{How the Linac Beam Position Monitors Work}",
	   type = {CEBAF Technical Note},
     year = {1993},
    month = {},
   number = {CEBAF-TN-93-004},
  address = {},
   adsurl = {http://qweak.jlab.org/doc-private/DocumentDatabase},
     note = {}
}
@techreport{bpm2,
   author = {Paul Gueye},
    title = "{Status of the actual beam position monitors in the Hall C beamline.}",
	   type = {CEBAF Technical Note},
     year = {1995},
    month = {December},
   number = {Unpublished internal document},
  address = {},
   adsurl = {http://www.jlab.org/},
     note = {}
}
@techreport{qweak_proposal_2001,
   author = {Q-weak Collaboration},
    title = "{The Q-Weak Experiment: A search for New Physics at the TeV Scale via a Measurement of the Proton's Weak Charge}",
	   type = {},
     year = {2001},
    month = {December},
   number = {E02-020 proposal},
  address = {},
   adsurl = {http://qweak.jlab.org/doc-public/ShowDocument?docid=1},
     note = {}
}
@techreport{qweak_proposal_2004,
   author = {Q-weak Collaboration},
    title = "{The Q-weak Experiment: "A Search for New Physics at the TeV Scale via a Measurement of the Proton's Weak Charge"}",
	   type = {},
     year = {2004},
    month = {December},
   number = {E05-008 Jeopardy proposal},
  address = {},
   adsurl = {http://qweak.jlab.org/doc-public/ShowDocument?docid=190},
     note = {}
}
@techreport{qweak_proposal_2007,
   author = {Q-weak Collaboration},
    title = "{The Q-weak Experiment: "A Search for New Physics at the TeV Scale via a Measurement of the Proton's Weak Charge"}",
	   type = {},
     year = {2007},
    month = {December},
   number = {E05-008 Jeopardy proposal},
  address = {},
   adsurl = {http://qweak.jlab.org/doc-public/ShowDocument?docid=703},
     note = {}
}
@techreport{Leemann_CEBAF,
   author = {C. W. Leemann and D. R. Douglas and G. A. Krafft},
    title = "{"The Continuous Electron Beam Accelerator Facility: CEBAF at the Jefferson Laboratory"}",
	   type = {Annual Review of Nuclear and Particle Science, vol. 51, no. 1, pp. 413-450},
     year = {2001},
    month = {},
   number = {},
  address = {},
   adsurl = {},
     note = {}
}
@techreport{greg_target_hydrogen,
   author = {Gregory Smith and Silviu Covrig and Jim Dunne},
    title = "{"Qweak Liquid Hydrogen Target: Preliminary Design \& Safety Document"}",
	 type = {},
     year = {2009},
    month = {August},
   number = {Qweak-DocDB-1041},
  address = {},
   adsurl = {https://qweak.jlab.org/doc-private/ShowDocument?docid=1041},
     note = {}
}
@techreport{greg_target_solid,
   author = {Gregory Smith},
    title = "{"Optics Target"}",
	 type = {},
     year = {2009},
    month = {December},
   number = {Qweak-DocDB-1144},
  address = {},
   adsurl = {https://qweak.jlab.org/doc-private/ShowDocument?docid=1144},
     note = {}
}
@techreport{nur_qtor_hallprobe,
   author = {Nuruzzaman},
    title = "{Hall Probe Mount Design for QTOR}",
	 type = {},
     year = {2010},
    month = {May},
   number = {Qweak-DocDB-1244},
  address = {},
   adsurl = {https://qweak.jlab.org/doc-private/ShowDocument?docid=1244},
     note = {}
}
@techreport{ramesh_bcm,
   author = {Ramesh Subedi},
    title = "{Summary report on the BCMs for QWEAK}",
	 type = {},
     year = {2013},
    month = {January},
   number = {Qweak-DocDB-1777},
  address = {},
   adsurl = {https://qweak.jlab.org/doc-private/ShowDocument?docid=1777},
     note = {}
}
@techreport{leacock_hel_cor_ped_ana,
   author = {John Leacock},
    title = "{Helicity Correlated Pedestal Differences for April 2011 from Qweak Run I}",
	   type = {},
     year = {2011},
    month = {Nov},
   number = {},
  address = {VT, VA},
   adsurl = {},
     note = {}
}
@techreport{jlab_ffb1,
   author = {R. Dickson, V. Lebedev},
    title = "{Fast Feedback System for Energy and Beam Stabilization}",
	   type = {},
     year = {1999},
    month = {},
   number = {JLAB-ACE-99-10},
  address = {Jefferson Lab, Newport News, VA},
   adsurl = {http://www.jlab.org/div_dept/admin/publications/papers/99/ACE99-10.pdf},
     note = {}
}
@techreport{jlab_ffb2,
   author = {B. Bevins},
    title = "{A Distributed Feedback System for Rapid Stabilazation of Arbitrary Process Variables}",
	   type = {},
     year = {},
    month = {},
   number = {JLAB-ACE-01-09},
  address = {Jefferson Lab, Newport News, VA},
   adsurl = {http://www.jlab.org/div_dept/admin/publications/papers/01/ACE01-09.pdf},
     note = {}
}
@techreport{epics_ioc,
   author = {Martin R. Kraimer},
    title = "{Experimental Physics and Industrial Control System (EPICS): Input / Output Controller (IOC) Application Developer's Guide}",
	   type = {},
     year = {1994},
    month = {May},
   number = {APS Release 3.11.6},
  address = {},
   adsurl = {http://www.aps.anl.gov/epics/EpicsDocumentation/AppDevManuals/AppDevGuide/appDevGuide.3116.ps},
     note = {}
}
@techreport{jim_sensitivity,
   author = {James Birchall},
    title = "{Updated Requirements on Beam Properties for Qweak, August 2008}",
	 type = {},
     year = {2008},
    month = {August},
   number = {Qweak-DocDB-818},
  address = {},
   adsurl = {https://qweak.jlab.org/doc-private/ShowDocument?docid=818},
     note = {}
}
@techreport{JLab_ADC,
   author = {Chad Seaton},
    title = "{VME 32-Channel ADC Module}",
	 type = {},
     year = {2010},
    month = {May},
   number = {Qweak-DocDB-2121},
  address = {},
   adsurl = {https://qweak.jlab.org/doc-private/ShowDocument?docid=2121},
     note = {}
}
@techreport{jlab_relay,
   author = {Chad Seaton},
    title = "{VME 16-Channel Relay Output Register}",
	 type = {},
     year = {2009},
    month = {May},
   number = {Qweak-DocDB-2122},
  address = {},
   adsurl = {https://qweak.jlab.org/doc-private/ShowDocument?docid=2122},
     note = {}
}
@techreport{rakitha_neutral_background,
   author = {Rakitha S Beminiwattha},
    title = "{Main Detector Neutral Background Contribution.}",
	 type = {},
     year = {2012},
    month = {July},
   number = {Qweak-DocDB-1549},
  address = {},
   adsurl = {https://qweak.jlab.org/doc-private/ShowDocument?docid=1549},
     note = {}
}
@techreport{magee_moller,
   author = {Joshua Magee},
    title = "{The Qweak Run 2 Moller Polarimetry Analysis.}",
	 type = {},
     year = {2014},
    month = {January},
   number = {Qweak-DocDB-1955},
  address = {},
   adsurl = {https://qweak.jlab.org/doc-private/ShowDocument?docid=1955},
     note = {}
}
@techreport{linRegTechNote,
   author = {P. P\'{e}bay},
    title = "{Formulas for robust, One-Pass Parallel Computation of Covariances and Arbitrary-Order Statistical Moments.}",
	 type = {Sandia Report},
     year = {2008},
    month = {},
   number = {SAND2008-6212},
  address = {Sandia National Laboratories},
   adsurl = {http://prod.sandia.gov/techlib/access-control.cgi/2008/086212.pdf},
     note = {}
}
@techreport{mack_nonlinearity,
   author = {Dave Mack},
    title = "{Non-linearity Specification for the Qweak Detector Chain}",
	 type = {},
     year = {2004},
    month = {November},
   number = {Qweak-DocDB-172},
  address = {},
   adsurl = {https://qweak.jlab.org/doc-private/ShowDocument?docid=172},
     note = {}
}
@techreport{buddhini_resolution,
   author = {Buddhini Waidyawansa},
    title = "{Beam Position and Angle Determination in Qweak}",
	 type = {},
     year = {2012},
    month = {December},
   number = {Qweak-DocDB-1772},
  address = {},
   adsurl = {https://qweak.jlab.org/doc-private/ShowDocument?docid=1772},
     note = {}
}
@techreport{mack_QweakBackgroundCorrections,
   author = {Dave Mack},
    title = "{Formalism for Qweak Background Corrections and Error Propagation}",
	 type = {},
     year = {2014},
    month = {June},
   number = {Qweak-DocDB-965},
  address = {},
   adsurl = {https://qweak.jlab.org/doc-private/ShowDocument?docid=965},
     note = {}
}
%%########################################################################
%%############################# Thesis ###################################
%%########################################################################
@phdthesis{jhoskins_thesis,
   author = {Josh Hoskins},
    title = "{Region III rotator, beam modulation sensitivities}",
	 type = {},
     year = {2014},
    month = {December},
   school = {College of William and Mary},
  address = {Williamsburg, VA},
   adsurl = {https://qweak.jlab.org/doc-private/ShowDocument?docid=XXXX},
     note = {}
}
@phdthesis{don_thesis,
   author = {Donald Jones},
    title = "{Compton polarimeter}",
	 type = {},
     year = {2014},
    month = {December},
   school = {University of Virginia},
  address = {Charlottesville, VA},
   adsurl = {https://qweak.jlab.org/doc-private/ShowDocument?docid=XXXX},
     note = {}
}
@phdthesis{amar_compton_thesis,
   author = {Amrendra Narayan},
    title = "{Electron Detector in Compton polarimeter for CEBAF Hall-C}",
	 type = {},
     year = {2014},
    month = {December},
   school = {Mississippi State University},
  address = {Mississippi State, MS},
   adsurl = {https://qweak.jlab.org/doc-private/ShowDocument?docid=XXXX},
     note = {}
}
@phdthesis{carlos_compton_thesis,
   author = {Juan Carlos Cornejo},
    title = "{Photon Detector in Compton polarimeter for CEBAF Hall-C}",
	 type = {},
     year = {2015},
    month = {April},
   school = {College of William and Mary},
  address = {Williamsburg, VA, USA},
   adsurl = {https://qweak.jlab.org/doc-private/ShowDocument?docid=XXXX},
     note = {}
}
@phdthesis{buddhini_qweak,
   author = {Buddhini Waidyawansa},
    title = {A 3\% Measurement of the Beam Normal Single Spin Asymmetry in Forward Angle Elastic Electron-Proton Scattering using the Qweak Setup},
	 type = {},
     year = {2013},
    month = {August},
   school = {Ohio University},
  address = {Athens OH 45701, USA},
   adsurl = {https://qweak.jlab.org/doc-private/ShowDocument?docid=1886},
     note = {}
}
@phdthesis{rakitha_qweak,
   author = {Rakitha Beminiwattha},
    title = {A Measurement of the Weak Charge of the Proton through Parity Violating Electron Scattering using the Qweak Apparatus: A 21\% Result},
	 type = {},
     year = {2013},
    month = {August},
   school = {Ohio University},
  address = {Athens OH 45701, USA},
   adsurl = {https://qweak.jlab.org/doc-private/ShowDocument?docid=1833},
     note = {}
}
@phdthesis{jie_qweak_thesis,
   author = {Jie Pan},
    title = {Towards a Precision Measurement of Parity-Violating e-p Elastic Scattering at Low Momentum Transfer},
	 type = {},
     year = {2012},
    month = {June},
   school = {University of Manitoba},
  address = {Winnipeg, Manitoba, Canada},
   adsurl = {https://qweak.jlab.org/doc-private/ShowDocument?docid=1670},
     note = {}
}
@phdthesis{leacock_qweak,
   author = {John Leacock},
    title = {Measuring the Weak Charge of the Proton and the Hadronic Parity Violation of the N $\rightarrow \Delta$ Transition},
	 type = {},
     year = {2012},
    month = {October},
   school = {Virginia Polytechnic Institute \& State University},
  address = {Blacksburg, VA 24061-0002, USA},
   adsurl = {https://misportal.jlab.org/ul/publications/view_pub.cfm?pub_id=11932},
     note = {}
}
@phdthesis{kmyers_qweak,
   author = {Kathrine Myers},
    title = {The First Determination of the Proton's Weak Charge Through Parity-Violating Asymmetry Measurements in Elastic e+p and e+Al Scattering},
	 type = {},
     year = {2012},
    month = {May},
   school = {The George Washington University},
  address = {Washington, DC 20052, USA},
   adsurl = {https://qweak.jlab.org/doc-private/ShowDocument?docid=1610},
     note = {}
}
@phdthesis{lackey_qweak,
   author = {John Lackey},
    title = {The First Direct Measurement of the Weak Charge of the Proton},
	 type = {},
     year = {2011},
    month = {October},
   school = {College of William and Mary},
  address = {Williamsburg, VA, USA},
   adsurl = {https://qweak.jlab.org/doc-private/ShowDocument?docid=1546},
     note = {}
}
@phdthesis{peiqing_qweak,
   author = {Peiqing Wang},
    title = {A Measurement Of The Protons Weak Charge Using An Integration Cerenkov Detector System},
	 type = {},
     year = {2011},
    month = {June},
   school = {University of Manitoba},
  address = {Winnipeg, Manitoba, Canada},
   adsurl = {https://qweak.jlab.org/doc-private/ShowDocument?docid=1471},
     note = {}
}
@phdthesis{juliette_G0_thesis,
   author = {Juliette Mammei},
    title = {Parity-Violating Elastic Electron Nucleon Scattering: Measurement of the Strange Quark Content of the Nucleon and Towards a Measurement of the Weak Charge of the Proton},
	 type = {},
     year = {2010},
    month = {April},
   school = {Virginia Polytechnic Institute \& State University},
  address = {Blacksburg, VA 24061-0002, USA},
   adsurl = {https://misportal.jlab.org/ul/publications/view_pub.cfm?pub_id=10107},
     note = {}
}
@phdthesis{puckett_GEPIII,
   author = {Andrew James Ruehe Puckett},
    title = "{Recoil Polarization Measurements of the Proton Electromagnetic Form Factor Ratio to High
Momentum Transfer}",
	 type = {},
     year = {2010},
    month = {Feb},
   school = {Massachusetts Institute of Technology},
  address = {MA},
   adsurl = {http://www1.jlab.org/ul/publications/view_pub.cfm?pub_id=8543},
     note = {}
}
@phdthesis{sarah_G0,
   author = {Sarah Phillips},
    title = "{Measurement of the Strange Quark Contribution to the Vector Structure of the Proton}",
	 type = {},
     year = {2007},
    month = {Nov},
   school = {College of William and Mary},
  address = {Virginia},
   adsurl = {http://www1.jlab.org/ul/publications/view_pub.cfm?pub_id=8543},
     note = {}
}
@phdthesis{bclasie,
   author = {Benjamin Micheal Patrick Clasie},
    title = "{Measurement of Nuclear Transparency from $A(e,e^\prime \pi^+)$ Reactions}",
	 type = {},
     year = {2006},
    month = {Aug},
   school = {Massachusetts Institute of Technology},
  address = {MA},
   adsurl = {http://www1.jlab.org/ul/publications/},
     note = {}
}
@phdthesis{Loppacher_moeller_thesis,
   author = {Matthias Loppacher},
    title = "{Moller polarimeter for CEBAF Hall-C}",
	 type = {},
     year = {1996},
    month = {April},
   school = {University of Basel},
  address = {Basel},
   adsurl = {https://hallcweb.jlab.org/polwiki/images/5/54/Loppacher_moeller_thesis.pdf},
     note = {}
}
@phdthesis{Niroula_BornApproximation_thesis,
   author = {Megh Raj Niroula},
    title = "{Beyond the Born Approximation: a Precise Comparison of e+p and e-p Elastic Scattering in the CEBAF Large Acceptance Spectrometer (CLAS)}",
	 type = {},
     year = {2010},
    month = {May},
   school = {Old Dominion University},
  address = {VA},
   adsurl = {http://www.jlab.org/Hall-B/general/thesis/Niroula_thesis.pdf},
     note = {}
}
@MastersThesis{nur_kaon_thesis,
   author = {Nuruzzaman},
    title = "{Effective Kaon-Nucleon Cross Section from Nuclear Transparency Measured in the $A(e e^\prime K^+)$ Reaction}",
	 type = {},
     year = {2010},
    month = {Aug},
   school = {Mississippi State University},
  address = {MS},
   adsurl = {http://www.jlab.org/~nur/publication/},
     note = {}
}
@MastersThesis{peiqing_qweak_masters,
   author = {Peiqing Wang},
    title = "{Magnetic Field Simulation and Mapping for the $Q_{Weak}^{p}$ Experiment}",
	 type = {},
     year = {2009},
    month = {},
   school = {University of Manitoba},
  address = {Winnipeg, Manitoba, Canada},
   adsurl = {https://qweak.jlab.org/doc-private/ShowDocument?docid=655},
     note = {}
}
%%########################################################################
%%############################# Manual ###################################
%%########################################################################
@manual{manual_vmivme4145,
    title = "{VME-4145 4-Channel 16-bit Arbitrary Waveform Generator Board with Autocalibration}",
	 author = {},
 organization = {GE Fanuc},
     year = {2008},
    month = {June},
  edition = {First Edition},
  address = {},
   adsurl = {https://qweak.jlab.org/wiki/index.php/Beam_Modulation/vme4145},
     note = {}
}
@manual{LEM_CT-10T,
title = {Current Transducer CT 5..25-T},
organization = {LEM},
url = {http://www.lem.com/docs/products/ct%205%20_%2025-t%20e.pdf},
address = {West Lancashire Investment Centre, Skelmersdale, WN8 9TG, England},
year = {2006-2014}
}
@manual{LEM_LA_55-P,
title = {Current Transducer LA 55-P/SP1},
organization = {LEM},
url = {http://www.farnell.com/datasheets/1639877.pdf},
address = {West Lancashire Investment Centre, Skelmersdale, WN8 9TG, England},
year = {2006-2014}
}
@manual{manual_hall_probe,
    title = "{Gaussmeter Hall Probes}",
	 author = {},
 organization = {Lake Shore Cryotronics Inc.},
     year = {},
    month = {},
  edition = {},
  address = {575 McCorkle Boulevard, Westerville, OH 43082},
   adsurl = {www.lakeshore.com},
     note = {}
}
@manual{manual_TRIUMF_ADC,
    title = "{VME QWEAK 8 Channel 18-bit ADC}",
	 author = {B. Roberts and H. Hui},
 organization = {TRIUMF},
     year = {2007},
    month = {November},
  edition = {Rev 1},
  address = {},
   adsurl = {https://qweak.jlab.org/doc-private/ShowDocument?docid=693},
     note = {}
}
%%########################################################################
%%############################## Book ####################################
%%########################################################################
@book{leo_book,
    abstract = {This book treats the experimental techniques and instrumentation most often
used in nuclear and particle physics experiments as well as in various other
experiments. It provides useful results and formulae, technical know-how and
informative details. This second edition has been revised; sections on
Cherenkov radiation and radiation protection have been updated and extended.
Thanks to the author's long teaching experience, the material is presented in
a very practical, hands-on way making the book a useful text and laboratory
companion for students and experienced scientists alike.},
    author = {Leo, William R.},
    citeulike-article-id = {4065619},
    citeulike-linkout-0 = {http://www.amazon.ca/exec/obidos/redirect?tag=citeulike09-20\&amp;path=ASIN/3540572805},
    citeulike-linkout-1 = {http://www.amazon.de/exec/obidos/redirect?tag=citeulike01-21\&amp;path=ASIN/3540572805},
    citeulike-linkout-2 = {http://www.amazon.fr/exec/obidos/redirect?tag=citeulike06-21\&amp;path=ASIN/3540572805},
    citeulike-linkout-3 = {http://www.amazon.jp/exec/obidos/ASIN/3540572805},
    citeulike-linkout-4 = {http://www.amazon.co.uk/exec/obidos/ASIN/3540572805/citeulike00-21},
    citeulike-linkout-5 = {http://www.amazon.com/exec/obidos/redirect?tag=citeulike07-20\&path=ASIN/3540572805},
    citeulike-linkout-6 = {http://www.worldcat.org/isbn/3540572805},
    citeulike-linkout-7 = {http://books.google.com/books?vid=ISBN3540572805},
    citeulike-linkout-8 = {http://www.amazon.com/gp/search?keywords=3540572805\&index=books\&linkCode=qs},
    citeulike-linkout-9 = {http://www.librarything.com/isbn/3540572805},
    day = {25},
    edition = {Second Revised},
    howpublished = {Taschenbuch},
    isbn = {3540572805},
    month = feb,
    posted-at = {2009-02-17 19:26:25},
    priority = {2},
    publisher = {Springer, Berlin},
    title = {Techniques for Nuclear and Particle Physics Experiments: A How-to Approach},
    url = {http://www.worldcat.org/isbn/3540572805},
    year = {1994}
}
@book{jlab_source_book,
    title = "{Electron sources for accelerators.}",
	 author = "{C. Hernandez-Garcia, P. G. O'Shea, and M. L. Stutzman.}",
publisher = {Physics Today},
	 page = {44},
     year = {2008},
    month = {February},
  edition = {},
   volume = {},
  address = {},
   adsurl = {},
     note = {}
}
@book{book:QuarksAndLeptones,
    abstract = {},
    author = {Francis Halzen and Alan D. Martin },
    citeulike-article-id = {},
    citeulike-linkout-0 = {http://www.wiley.com/WileyCDA/WileyTitle/productCd-0471887412.html},
    citeulike-linkout-1 = {http://www.amazon.com/Quarks-Leptons-Introductory-Particle-Physics/dp/0471887412},
    day = {},
	page = {396},
    edition = {1st},
    howpublished = {},
    isbn = {978-0471887416},
    month = jan,
    posted-at = {},
    priority = {},
    publisher = {John Wiley and Sons, Inc.},
    title = {Quarks and Leptones: An Introductory Course in Modern Particle Physics},
    url = {http://www.wiley.com/WileyCDA/WileyTitle/productCd-0471887412.html},
    year = {1984}
}
%%########################################################################
%%############################ Web Site ##################################
%%########################################################################
@misc{website:qweak,
   author = {},
    title = "{$Q^p_{weak}$: A Search for New Physics}",
    month = {},
     year = {},
howpublished = {\url{http://www.jlab.org/qweak/}}
}
@misc{website:hallc,
   author = {},
    title = "{Experimental Hall C}",
    month = {},
     year = {},
howpublished = {\url{http://www.jlab.org/Hall-C/}}
}
@misc{website:jlab,
   author = {},
    title = "{Thomas Jefferson National Accelerator Facility}",
    month = {},
     year = {},
howpublished = {\url{http://www.jlab.org/}}
}
@misc{website:jlab_12GeV,
   author = {},
    title = "{12 GeV Upgrade: Future Science at Jefferson Lab}",
    month = {},
     year = {},
howpublished = {\url{http://www.jlab.org/12GeV/index.html}}
}
@misc{website:qweak_docdb,
   author = {},
    title = "{A Document Database for the $Q^p_{weak}$ Experiment}",
    month = {},
     year = {},
howpublished = {\url{https://qweak.jlab.org/doc-public/DocumentDatabase}}
}
@misc{website:qweak_elog,
   author = {},
    title = "{An Eloctronic Logbook for the $Q^p_{weak}$ Experiment}",
    month = {},
     year = {},
howpublished = {\url{https://qweak.jlab.org/elog/}}
}
@misc{website:ansys,
   author = {},
    title = "{ANSYS: A fluid dynamics simulation code}",
    month = {},
     year = {},
howpublished = {\url{http://www.ansys.com/}}
}
@misc{website:target,
   author = {Nuruzzaman and Greg Smith},
    title = "{Hall-C Target Status Page}",
    month = {},
     year = {},
howpublished = {\url{https://hallcweb.jlab.org/poltar/}}
}
@misc{website:bmod,
   author = {Nuruzzaman},
    title = "{Beam Modulation Website: Hall-C Beamline Optics}",
    month = {},
     year = {},
howpublished = {\url{https://hallcweb.jlab.org/qweak/bmod/}}
}
@misc{website:kword,
   author = {},
    title = "{KWord is an intuitive word processor and desktop publisher application. With it, you can create informative and attractive documents with pleasure and ease.}",
    month = {},
     year = {},
howpublished = {\url{http://www.kde.org/applications/office/kword/}}
}
@misc{website:TRIUMF,
   author = {},
    title = "{TRIUMF: Canada's national laboratory for particle and nuclear physics.}",
    month = {},
     year = {},
howpublished = {\url{http://www.triumf.ca/}}
}
@misc{website:CODA_wiki,
   author = {Jlab DAQ Group},
    title = "{CEBAF Online Data Acquisition.}",
    month = {},
     year = {},
howpublished = {\url{https://coda.jlab.org/wiki/index.php/Main_Page}}
}
%%########################################################################
%%########################## Presentation ################################
%%########################################################################
@inproceedings{presentation:mack_Wien0MDSensitivities_1776,
      author = {Nuruzzaman},
       title = "{Scheme Dependence of Rescaled Wien0 Main Detector Sensitivities.}",
       month = {February},
        year = {2013},
organization = {Q-weak Physics Meeting},
   publisher = {Q-weak-DocDB1776:~\url{https://qweak.jlab.org/doc-private/ShowDocument?docid=1776}}
}
@inproceedings{presentation:nur_BPMAngleResolution_1779,
      author = {Nuruzzaman},
       title = "{Target BPM Angle Resolution from OPTIM.}",
       month = {January},
        year = {2013},
organization = {Q-weak Physics Meeting},
   publisher = {Q-weak-DocDB1779:~\url{https://qweak.jlab.org/doc-private/ShowDocument?docid=1779}}
}
@inproceedings{presentation:amar_compton_1732,
      author = {A. Narayan},
       title = "{Precision Compton Polarimetry During the Qweak Experiment.}",
       month = {October},
        year = {2012},
organization = {DNP 2012 Conference},
   publisher = {Q-weak-DocDB1732:~\url{https://qweak.jlab.org/doc-private/ShowDocument?docid=1732}}
}
@inproceedings{presentation:nur_bmod_1045,
      author = {Nuruzzaman},
       title = "{OPTIM Data Files for all the Beam Parameters.}",
       month = {September},
        year = {2009},
organization = {Q-weak Physics Meeting},
   publisher = {Q-weak-DocDB1045:~\url{https://qweak.jlab.org/doc-private/ShowDocument?docid=1045}}
}
@inproceedings{presentation:nur_bmod_1312,
      author = {Nuruzzaman},
       title = "{An Update on Beam Modulation for the Q-weak Experiment.}",
       month = {September},
        year = {2010},
organization = {Q-weak Collaboration Meeting},
   publisher = {Q-weak-DocDB1312:~\url{https://qweak.jlab.org/doc-private/ShowDocument?docid=1312}}
}
@inproceedings{presentation:poelker_source_1436,
      author = {B. Poelker},
       title = "{Q-weak e-Source Issues.}",
       month = {June},
        year = {2011},
organization = {Q-weak Collaboration Meeting},
   publisher = {Q-weak-DocDB1436:~\url{https://qweak.jlab.org/doc-private/ShowDocument?docid=1436}}
}
@inproceedings{presentation:nur_hel_cor_ped_talk1,
   author = {Nuruzzaman},
    title = "{Q-weak Physics Meeting: Helicity Correlated Pedestal Differences for Wien 0 - 9.}",
    month = {March},
     year = {2012},
organization = {Q-weak Physics Meeting},
   publisher = {Q-weak-DocDB1608:~\url{https://qweak.jlab.org/doc-private/ShowDocument?docid=1608}}
}
@inproceedings{presentation:nur_hel_cor_ped_talk2,
   author = {Nuruzzaman},
    title = "{Q-weak Physics Meeting: Pedestal Survey for the Q-weak Experiment.}",
    month = {June},
     year = {2012},
organization = {Q-weak Physics Meeting},
   publisher = {Q-weak-DocDB1608:~\url{https://qweak.jlab.org/doc-private/ShowDocument?docid=1678}}
}
@inproceedings{presentation:BPWQweakTransverse_02_21_14,
   author = {Buddhini Waidyawansa},
    title = "{Qweak Transverse Asymmetry Measurements.}",
    month = {February},
     year = {2014},
organization = {Hall C collaboration meeting},
   publisher = {Q-weak-DocDB1961:~\url{https://qweak.jlab.org/doc-private/ShowDocument?docid=1961}}
}
@inproceedings{presentation:josh_1891,
   author = {Josh Magee},
    title = "{Aluminum Status Qweak Collaboration Meeting.}",
    month = {April},
     year = {2013},
organization = {Hall C collaboration meeting},
   publisher = {Q-weak-DocDB1891:~\url{https://qweak.jlab.org/doc-private/ShowDocument?docid=1819}}
}
@inproceedings{optim_deck,
   author = {Jay Benesch and Nuruzzaman},
    title = "{OptiM Deck for Beam Modulation in Hall-C beamline.}",
    month = {May},
     year = {2011},
organization = {},
   publisher = {Q-weak-DocDB1367:~\url{https://qweak.jlab.org/doc-private/ShowDocument?docid=1367}}
}
@inproceedings{mack_BCMLinearity,
   author = {Dave Mack},
    title = "{BCM Normalization Issues Part II: Calibrations and Linearity.}",
    month = {March},
     year = {2011},
organization = {},
   publisher = {Q-weak-DocDB1369:~\url{https://qweak.jlab.org/doc-private/ShowDocument?docid=1369}}
}
@inproceedings{presentation:pasquini_Mainz,
   author = {Barbara Pasquini},
    title = "{Two-Photon Physics: Theory.}",
    month = {April},
     year = {2009},
organization = {},
   publisher = {MAMI and Beyond:~\url{http://wwwkph.kph.uni-mainz.de/T//MAMIandBeyond/02\%20Dienstag/08\%20Pasquini.pdf}}
}
@inproceedings{presentation:CarlCarlson_qweak,
   author = {Carl Carlson},
    title = "{BSA.N$\Delta @$Qweak.}",
    month = {August},
     year = {2014},
organization = {The Q-weak Collaboration Meeting},
   publisher = {\url{https://qweak.jlab.org/doc-private/ShowDocument?docid=2060}}
}
@inproceedings{presentation:marty_2072,
   author = {Martin McHugh},
    title = "{Neutral Background Analysis.}",
    month = {September},
     year = {2014},
organization = {},
   publisher = {\url{https://qweak.jlab.org/doc-private/ShowDocument?docid=2072}}
}
@inproceedings{presentation:kent_crex,
   author = {Kent Paschke},
    title = "{Overview of Parity-Viola1ng Electron Scattering.}",
    month = {March},
     year = {2013},
organization = {CREX Workshop},
   publisher = {\url{https://www.jlab.org/conferences/crex/sun/Paschke_CREX_IntroPVES.pdf}}
}

%%########################################################################
%%############################## ELOG ####################################
%%########################################################################
@inproceedings{elog:buddhini_analysis800,
      author = {Buddhini Waidyawansa },
       title = "{New PMT weights for transverse run1 and run2 (to be used with pass5 onwards).}",
       month = {October},
        year = {2012},
organization = {},
   publisher = {ELOG-Analysis-800:~\url{https://qweak.jlab.org/elog/Analysis+\%26+Simulation/800}}
}
@inproceedings{elog:nur_management5,
      author = {Nuruzzaman},
       title = "{Q-weak regression scheme.}",
       month = {April},
        year = {2012},
organization = {},
   publisher = {ELOG-Management-5:~\url{https://qweak.jlab.org/elog/Management/5}}
}
@inproceedings{elog:rob_qtor2,
      author = {Rob Mahurin},
       title = "{QTor misalignment estimate due to beam steering.}",
       month = {April},
        year = {2011},
organization = {},
   publisher = {ELOG-QTor-2:~\url{https://qweak.jlab.org/elog/QTOR/2}}
}
@inproceedings{elog:nur_qtor3,
      author = {Nuruzzaman},
       title = "{Estimation of beam steering due to QTOR fringe field using OPTIM.}",
       month = {April},
        year = {2011},
organization = {},
   publisher = {ELOG-QTor-3:~\url{https://qweak.jlab.org/elog/QTOR/3}}
}
@inproceedings{elog:nur_qtor4,
      author = {Nuruzzaman},
       title = "{Low Energy Electron Deflectng Due to QTOR fringe field using OPTIM.}",
       month = {April},
        year = {2011},
organization = {},
   publisher = {ELOG-QTor-4:~\url{https://qweak.jlab.org/elog/QTOR/4}}
}
@inproceedings{elog:nur_qtor5,
      author = {Nuruzzaman},
       title = "{Effect of corrector magnet in front of QTOR on beam steering due to fringe field.}",
       month = {April},
        year = {2011},
organization = {},
   publisher = {ELOG-QTor-5:~\url{https://qweak.jlab.org/elog/QTOR/5}}
}
@inproceedings{elog:nur_qtor6,
      author = {Nuruzzaman},
       title = "{Effect of different fields in the corrector magnet in front of QTOR.}",
       month = {April},
        year = {2011},
organization = {},
   publisher = {ELOG-QTor-6:~\url{https://qweak.jlab.org/elog/QTOR/6}}
}
@inproceedings{elog:nur_qtor7,
      author = {Nuruzzaman},
       title = "{Preliminary QTOR corrector magnet design and field map using TOSCA.}",
       month = {April},
        year = {2011},
organization = {},
   publisher = {ELOG-QTor-7:~\url{https://qweak.jlab.org/elog/QTOR/7}}
}
@inproceedings{elog:nur_qtor8,
      author = {Nuruzzaman},
       title = "{Realistic QTOR corrector magnet design, field map and basics using TOSCA.}",
       month = {April},
        year = {2011},
organization = {},
   publisher = {ELOG-QTor-8:~\url{https://qweak.jlab.org/elog/QTOR/8}}
}
@inproceedings{elog:nur_qtor9,
      author = {Nuruzzaman},
       title = "{Power calculation for QTOR corrector magnet.}",
       month = {April},
        year = {2011},
organization = {},
   publisher = {ELOG-QTor-9:~\url{https://qweak.jlab.org/elog/QTOR/9}}
}
@inproceedings{elog:nur_qtor10,
      author = {Nuruzzaman},
       title = "{QTOR corrector magnet sensitivity to position and angle.}",
       month = {April},
        year = {2011},
organization = {},
   publisher = {ELOG-QTor-10:~\url{https://qweak.jlab.org/elog/QTOR/10}}
}
@inproceedings{elog:nur_qtor11,
      author = {Nuruzzaman},
       title = "{QTOR corrector magnet field along different octant.}",
       month = {April},
        year = {2011},
organization = {},
   publisher = {ELOG-QTor-11:~\url{https://qweak.jlab.org/elog/QTOR/11}}
}
@inproceedings{elog:nur_qtor12,
      author = {Nuruzzaman},
       title = "{QTOR corrector magnet project summary.}",
       month = {April},
        year = {2011},
organization = {},
   publisher = {ELOG-QTor-12:~\url{https://qweak.jlab.org/elog/QTOR/12}}
}
@inproceedings{elog:nur_ancillary59,
      author = {Nuruzzaman},
       title = "{Comparison of H2 Dilutions from Geant-III, IV, and Data at the Inelastic Peak.}",
       month = {December},
        year = {2013},
organization = {},
   publisher = {ELOG-Ancillary-59:~\url{https://qweak.jlab.org/elog/Ancillary/59}}
}
@inproceedings{elog:nur_ancillary44,
      author = {Nuruzzaman},
       title = "{$Q^{2}$ for transverse N-to-Delta from GEANT-III.}",
       month = {July},
        year = {2013},
organization = {},
   publisher = {ELOG-Ancillary-44:~\url{https://qweak.jlab.org/elog/Ancillary/44}}
}
@inproceedings{elog:nur_ancillary43,
      author = {Nuruzzaman},
       title = "{Transverse Asymmetries for N-to-Delta in Nuclear Targets.}",
       month = {July},
        year = {2013},
organization = {},
   publisher = {ELOG-Ancillary-43:~\url{https://qweak.jlab.org/elog/Ancillary/43}}
}
@inproceedings{elog:peiqing_analysis588,
      author = {Peiqing Wang},
       title = "{Simulated elastic flux images on main bars.}",
       month = {May},
        year = {2012},
organization = {},
   publisher = {ELOG-Analysis-588:~\url{https://qweak.jlab.org/elog/Analysis+&+Simulation/588}}
}
@inproceedings{elog:kent_analysis782,
      author = {Kent Paschke},
       title = "{Proposed Wien0 neutral beamline background correction.}",
       month = {October},
        year = {2012},
organization = {},
   publisher = {ELOG-Analysis-782:~\url{https://qweak.jlab.org/elog/Analysis+&+Simulation/782}}
}
@inproceedings{nur_halla_beamline,
   author = {Nuruzzaman},
    title = "{Hall-A Beamline elements using Pass1 beam.}",
	 type = {},
     year = {2012},
    month = {November},
   publisher = {MSU-ELOG-296:~\url{http://urvashi.ph.msstate.edu:8080/mepgroup/296}}
}
@inproceedings{elog:mack_analysis784,
      author = {Dave Mack},
       title = "{Wien0 Beamline Background Dilution Central Value and Uncertainty.}",
       month = {October},
        year = {2012},
organization = {},
   publisher = {ELOG-Analysis-784:~\url{https://qweak.jlab.org/elog/Analysis+&+Simulation/784}}
}
@inproceedings{elog:mack_analysis714,
      author = {Dave Mack},
       title = "{Input file for Wien 0 elastic e+p asymmetry corrections (v11 frozen modulo unblinding).}",
       month = {September},
        year = {2012},
organization = {},
   publisher = {ELOG-Analysis-714:~\url{https://qweak.jlab.org/elog/Analysis+&+Simulation/714}}
}
@inproceedings{elog:adesh_analysis837,
      author = {Adesh Subedi},
       title = "{Simulation of QTor scans using QWGEANT3.}",
       month = {December},
        year = {2012},
organization = {},
   publisher = {ELOG-Analysis-837:~\url{https://qweak.jlab.org/elog/Analysis+&+Simulation/837}}
}
@inproceedings{elog:birchall_analysis373,
      author = {Jim Birchall},
       title = "{Effect of averaging over azimuthal angle.}",
       month = {June},
        year = {2011},
organization = {},
   publisher = {ELOG-Analysis-373:~\url{https://qweak.jlab.org/elog/Analysis+&+Simulation/373}}
}
@inproceedings{elog:nur_ancillary91,
      author = {Nuruzzaman},
       title = "{Beam Polarization from Moller Polarimeter for Transverse Run-II Dataset.}",
       month = {April},
        year = {2014},
organization = {},
   publisher = {ELOG-Ancillary-91:~\url{https://qweak.jlab.org/elog/Ancillary/91}}
}
@inproceedings{DocDB:sarin_979,
	author = {Sarin Philip},
       title = "{JLab MAT (or HF) coil characteristics.}",
       month = {June},
        year = {2009},
organization = {},
   publisher = {DocDB-979:~\url{http://qweak.jlab.org/doc-public/ShowDocument?docid=979}}
}
@inproceedings{elog:don_analysis948,
      author = {Donald Jones},
       title = "{Ramp fill procedure documentation.}",
       month = {July},
        year = {2013},
organization = {},
   publisher = {ELOG-Analysis-948:~\url{https://qweak.jlab.org/elog/Analysis+&+Simulation/948}}
}
@inproceedings{elog:kent_analysis695,
      author = {Kent Paschke},
       title = "{Beam Modulation response with FFB interference.}",
       month = {August},
        year = {2012},
organization = {},
   publisher = {ELOG-Analysis-695:~\url{https://qweak.jlab.org/elog/Analysis+&+Simulation/695}}
}
@inproceedings{elog:josh_analysis690,
      author = {Josh Hoskins},
       title = "{Effects of fitting BPM response with fixed phase.}",
       month = {August},
        year = {2012},
organization = {},
   publisher = {ELOG-Analysis-690:~\url{https://qweak.jlab.org/elog/Analysis+&+Simulation/690}}
}
@inproceedings{elog:manolis_analysis1191,
      author = {Manolis Kargiantoulakis},
       title = "{Beamline Backgrounds Update.}",
       month = {July},
        year = {2014},
organization = {},
   publisher = {ELOG-Analysis-1191:~\url{https://qweak.jlab.org/elog/Analysis+&+Simulation/1191}}
}
@inproceedings{elog:buddhini_analysis553,
      author = {Buddhini Waidyawansa},
       title = "{Transverse asymmetries around Moller peak.}",
       month = {April},
        year = {2012},
organization = {},
   publisher = {ELOG-Analysis-553:~\url{https://qweak.jlab.org/elog/Analysis+&+Simulation/553}}
}
@inproceedings{elog:peiqing_analysis589,
      author = {Peiqing Wang},
       title = "{Simulated octant-by-octant event rate, scattering angle and momentum transfer.}",
       month = {May},
        year = {2012},
organization = {},
   publisher = {ELOG-Analysis-589:~\url{https://qweak.jlab.org/elog/Analysis+&+Simulation/589}}
}
@inproceedings{elog:nur_ancillary145,
      author = {Nuruzzaman},
       title = "{PMT Asymmetries for Inelastic Transverse Dataset on LH2.}",
       month = {November},
        year = {2014},
organization = {},
   publisher = {ELOG-Ancillary-145:~\url{https://qweak.jlab.org/elog/Ancillary/145}}
}
@inproceedings{moller_2010,
      author = {K. Kumar {\em et al.}},
       title = "{The MOLLER Experiment: Measurement Of Lepton Lepton Elastic Reactions.}",
       month = {December},
        year = {2010},
organization = {},
   publisher = {http://hallaweb.jlab.org/collab/PAC/PAC37/C12-09-005-Moller.pdf}
}
@inproceedings{hclog:armd_249809,
      author = {David Armstrong},
       title = "{BMod energy modulation: indeed, needs FFB paused.}",
       month = {January},
        year = {2012},
organization = {},
   publisher = {HCLOG-249809:~\url{https://hallcweb.jlab.org/hclog/1201_archive/120124094154.html}}
}
@inproceedings{hclog:page_219054,
      author = {Shelley Page},
       title = "{Beam: Polarization studies at injector.}",
       month = {February},
        year = {2011},
organization = {},
   publisher = {HCLOG-219054:~\url{https://hallcweb.jlab.org/hclog/1102_archive/110208121825.html}}
}
@inproceedings{elogAcc:riad_1567146,
      author = {R. Suleiman and M. Poelker and J. Grames},
       title = "{Mott Measurements For Hall C.}",
       month = {February},
        year = {2011},
organization = {},
   publisher = {HCLOG-1567146:~\url{https://cebaf.jlab.org/elog/entry/1567146}}
}
%%########################################################################
%%######################### Miscellaneous ################################
%%########################################################################
@misc{OPTIM,
   author = {Lebedev, Valery},
    title = "{OPTIM: Computer code for linear and non-linear optics calculations}",
    month = {June},
     year = {2007},
howpublished = {\url{http://www-bdnew.fnal.gov/pbar/organizationalchart/lebedev/OptiM/optim.htm}}
}
@misc{mack_communication,
author = {Dave Mack},
year = {2009-2014}, 
howpublished = {Private communication}
}
@misc{jay_communication,
author = {Jay Benesch},
year = {2009-2014}, 
howpublished = {Private communication}
}
@misc{tiefenback_communication,
author = {Michael Tiefenback},
year = {2009}, 
howpublished = {Private communication}
}
@misc{philip_communication,
author = {Sarin Philip},
year = {2009-2010}, 
howpublished = {Private communication}
}
@misc{higgins_communication,
author = {Scott Higgins},
year = {2009-2010}, 
howpublished = {Private communication}
}
@misc{pking,
   author = {},
    title = "{Private communication with Paul King}",
    month = {},
     year = {},
howpublished = {\href{mailto:pking@jlab.org}{pking@jlab.org}}
}
@misc{brads_communication,
author = {Brad Sawatzky},
year = {2009-2014}, 
howpublished = {Private communication}
}
@misc{magee_communication,
author = {Joshua Magee},
year = {2014}, 
howpublished = {Private communication}
}
@misc{SM_figure,
author = {MissMJ},
title = {Standard Model of Elementary Particles},
year = {2014}, 
howpublished = {(free to use, original file created by user) Own work by uploader, PBS NOVA, Fermilab, Office of Science, United States Department of Energy, Particle Data Group. Licensed under Creative Commons Attribution 3.0 via Wikimedia Commons -\url{http://commons.wikimedia.org/wiki/File:Standard_Model_of_Elementary_Particles.svg\#mediaviewer/File:Standard_Model_of_Elementary_Particles.svg}}
}