%%################ References ################%%
%%*********References using standard bibtex***************
%%
%%########################################################################
%%############################ Journals ##################################
%%########################################################################
@Article{arr98,
  title = {Total cross sections of $\pi^±$, $K^±$, p and  on protons and deuterons between 200 and 370 (GeV/c)},
  author = {A. S. Carroll and I. -H. Chiang and T. F. Kycia and K. K. Li and M. D. Marx and D. C. Rahm and W. F. Baker and D. P. Eartly and G. Giacomelli and A. M. Jonckheere and P. F. M. Koehler and P. O. Mazur and R. Rubinstein and O. Fackler},
  journal = {Phys. Lett. B.},
  volume = {80},
  number = {4-5},
  pages = {423 - 427},
  numpages = {},
  year = {1979},
  month = {},
  doi = {10.1016/0370-2693(79)91205-X},
  publisher = {}
}
@article{Prescott1979524,
title = "Further measurements of parity non-conservation in inelastic electron scattering",
journal = "Physics Letters B",
volume = "84",
number = "4",
pages = "524 - 528",
year = "1979",
note = "",
issn = "0370-2693",
doi = "DOI: 10.1016/0370-2693(79)91253-X",
url = "http://www.sciencedirect.com/science/article/B6TVN-473DGS2-8Y/2/ade5b01710158db211833371d825bb5a",
author = "C. Y. Prescott and W. B. Atwood and R. L. A. Cottrell and H. DeStaebler and Edward L. Garwin and A. Gonidec and R. H. Miller and L. S. Rochester and T. Sato and D. J. Sherden and C. K. Sinclair and S. Stein and R. E. Taylor and C. Young and J. E. Clendenin and V. W. Hugnes and N. Sasao and K. P. Schüler and M. G. Borghini and K. Lübelsmeyer and W. Jentschke"
}
@Article{PhysRevD.18.2223,
  title = {Search for parity violation in deep-inelastic scattering of polarized electrons by unpolarized deuterons},
  author = {Atwood, W. B. and Cottrell, R. L. A. and DeStaebler, H.  and Miller, R.  and Pessard, H.  and Prescott, C. Y. and Rochester, L. S. and Taylor, R. E. and Alguard, M. J. and Clendenin, J.  and Cooper, P. S. and Ehrlich, R. D. and Hughes, V. W. and Lubell, M. S. and Baum, G.  and Sch\"uler, K. P. and L\"ubelsmeyer, K. },
  journal = {Phys. Rev. D},
  volume = {18},
  number = {7},
  pages = {2223--2226},
  numpages = {3},
  year = {1978},
  month = {Oct},
  doi = {10.1103/PhysRevD.18.2223},
  publisher = {American Physical Society}
}
@Article{PhysRevLett.95.092001,
  title = {Strange-Quark Contributions to Parity-Violating Asymmetries in the Forward G0 Electron-Proton Scattering Experiment},
  author = {Armstrong, D. S. and Arvieux, J.  and Asaturyan, R.  and Averett, T.  and Bailey, S. L. and Batigne, G.  and Beck, D. H. and Beise, E. J. and Benesch, J.  and Bimbot, L.  and Birchall, J.  and Biselli, A.  and Bosted, P.  and Boukobza, E.  and Breuer, H.  and Carlini, R.  and Carr, R.  and Chant, N.  and Chao, Y.-C.  and Chattopadhyay, S.  and Clark, R.  and Covrig, S.  and Cowley, A.  and Dale, D.  and Davis, C.  and Falk, W.  and Finn, J. M.},
  journal = {Phys. Rev. Lett.},
  volume = {95},
  number = {9},
  pages = {092001},
  numpages = {5},
  year = {2005},
  month = {Aug},
  doi = {10.1103/PhysRevLett.95.092001},
  publisher = {American Physical Society}
}
@Article{PhysRevLett.98.032301,
  title = {Precision Measurements of the Nucleon Strange Form Factors at $Q2\sim{}0.1  GeV2$},
  author = {Acha, A.  and Aniol, K. A. and Armstrong, D. S. and Arrington, J.  and Averett, T.  and Bailey, S. L. and Barber, J.  and Beck, A.  and Benaoum, H.  and Benesch, J.  and Bertin, P. Y. and Bosted, P.  and Butaru, F.  and Burtin, E.  and Cates, G. D. and Chao, Y.-C.  and Chen, J.-P.  and Chudakov, E.  and Cisbani, E.  and Craver, B.  and Cusanno, F.  and De Leo, R.  and Decowski, P.  and Deur, A.  and Feuerbach, R. J. and Finn, J. M. and Frullani, S. },
  journal = {Phys. Rev. Lett.},
  volume = {98},
  number = {3},
  pages = {032301},
  numpages = {5},
  year = {2007},
  month = {Jan},
  doi = {10.1103/PhysRevLett.98.032301},
  publisher = {American Physical Society}
}
@Article{PhysRevD.77.033006,
  title = {Form factors and other measures of strangeness in the nucleon},
  author = {Diehl, Markus  and Feldmann, Thorsten  and Kroll, Peter },
  journal = {Phys. Rev. D},
  volume = {77},
  number = {3},
  pages = {033006},
  numpages = {15},
  year = {2008},
  month = {Feb},
  doi = {10.1103/PhysRevD.77.033006},
  publisher = {American Physical Society}
}
@Article{PhysRevD.17.1313,
  title = {Polarized-electron-nucleon scattering in gauge theories of weak and electromagnetic interactions},
  author = {Cahn, Robert N. and Gilman, Frederick J.},
  journal = {Phys. Rev. D},
  volume = {17},
  number = {5},
  pages = {1313--1322},
  numpages = {9},
  year = {1978},
  month = {Mar},
  doi = {10.1103/PhysRevD.17.1313},
  publisher = {American Physical Society}
}
@Article{PhysRevLett.99.092301,
  title = {Transverse Beam Spin Asymmetries in Forward-Angle Elastic Electron-Proton Scattering},
  author = {Armstrong, D. S. and Arvieux, J.  and Asaturyan, R.  and Averett, T.  and Bailey, S. L. and Batigne, G.  and Beck, D. H. and Beise, E. J. and Benesch, J.  and Bimbot, L.  and Birchall, J.  and Biselli, A.  and Bosted, P.  and Boukobza, E.  and Breuer, H.  and Carlini, R.  and Carr, R.  and Chant, N.  and Chao, Y.-C.  and Chattopadhyay, S.  and Clark, R.  and Covrig, S.  and Cowley, A.  and Dale, D.  and Davis, C.  and Falk, W.  and Finn, J. M.},
  journal = {Phys. Rev. Lett.},
  volume = {99},
  number = {9},
  pages = {092301},
  numpages = {5},
  year = {2007},
  month = {Aug},
  doi = {10.1103/PhysRevLett.99.092301},
  publisher = {American Physical Society}
}
@article{Heil19891,
title = "Improved limits on the weak, neutral, hadronic axial vector coupling constants from quasielastic scattering of polarized electrons",
journal = "Nuclear Physics B",
volume = "327",
number = "1",
pages = "1 - 31",
year = "1989",
note = "",
issn = "0550-3213",
doi = "DOI: 10.1016/0550-3213(89)90284-8",
url = "http://www.sciencedirect.com/science/article/B6TVC-471YRPG-P9/2/05ab7013cd576365d3f1b2fc857d3d79",
author = "W. Heil and J. Ahrens and H.G. Andresen and A. Bornheimer and D. Conrath and K.-J. Dietz and W. Gasteyer and H.-J. Gessinger and W. Hartmann and J. Jethwa and H.-J. Kluge and H. Kessler and T. Kettner and L. Koch and F. Neugebauer and R. Neuhausen and E.W. Otten and E. Reichert and F.P. Schäfer and B. Wagner"
}
@Article{PhysRevLett.92.161802,
  title = {Measurement of the Negative Muon Anomalous Magnetic Moment to 0.7 ppm},
  author = {Bennett, G. W. and Bousquet, B.  and Brown, H. N. and Bunce, G.  and Carey, R. M. and Cushman, P.  and Danby, G. T. and Debevec, P. T. and Deile, M.  and Deng, H.  and Dhawan, S. K. and Druzhinin, V. P. and Duong, L.  and Farley, F. J. M. and Fedotovich, G. V. and Gray, F. E. and Grigoriev, D.  and Grosse-Perdekamp, M.  and Grossmann, A.  and Hare, M. F. and Hertzog, D. W. and Huang, X.  and Hughes, V. W. and Iwasaki, M.  and Jungmann, K.  and Kawall, D.  and Khazin, B. I.},
  journal = {Phys. Rev. Lett.},
  volume = {92},
  number = {16},
  pages = {161802},
  numpages = {5},
  year = {2004},
  month = {Apr},
  doi = {10.1103/PhysRevLett.92.161802},
  publisher = {American Physical Society}
}
@article{Souder1991695,
title = "Results from the bates 12C parity experiment",
journal = "Nuclear Physics A",
volume = "527",
number = "",
pages = "695 - 700",
year = "1991",
note = "",
issn = "0375-9474",
doi = "DOI: 10.1016/0375-9474(91)90216-S",
url = "http://www.sciencedirect.com/science/article/B6TVB-472T3FF-DT/2/f53c55d390e2c7ff3efc6697efbc1d2d",
author = "P. A. Souder and J. Bellanca and G. D. Cates and G. W. Dodson and K. A. Dow and M. Farkhondeh and R. Holmes and V. W. Hughes and T. J. Gay and K. Isakovich and D. -H. Kim and S. Kowalski and K. S. Kumar and M. S. Lubell and R. Michaels and J. S. Patch and H. R. Schaefer and M. E. Schulze and Richard Wilson"
}
@Article{PhysRevD.12.3575,
  title = {Polarized electron-nucleus scattering and parity-violating neutral-current interactions},
  author = {Feinberg, G. },
  journal = {Phys. Rev. D},
  volume = {12},
  number = {11},
  pages = {3575--3582},
  numpages = {7},
  year = {1975},
  month = {Dec},
  doi = {10.1103/PhysRevD.12.3575},
  publisher = {American Physical Society}
}
@Article{PhysRevLett.65.694,
  title = {Measurement of parity violation in the elastic scattering of polarized electrons from $C12$},
  author = {Souder, P. A. and Holmes, R.  and Kim, D.-H.  and Kumar, K. S. and Schulze, M. E. and Isakovich, K.  and Dodson, G. W. and Dow, K. W. and Farkhondeh, M.  and Kowalski, S.  and Lubell, M. S. and Bellanca, J.  and Goodman, M.  and Patch, S.  and Wilson, Richard  and Cates, G. D. and Dhawan, S.  and Gay, T. J. and Hughes, V. W. and Magnon, A.  and Michaels, R.  and Schaefer, H. R.},
  journal = {Phys. Rev. Lett.},
  volume = {65},
  number = {6},
  pages = {694--697},
  numpages = {3},
  year = {1990},
  month = {Aug},
  doi = {10.1103/PhysRevLett.65.694},
  publisher = {American Physical Society}
}
@Article{PhysRevLett.92.102003,
  title = {Parity-Violating Electron Deuteron Scattering and the Proton's Neutral Weak Axial Vector Form Factor},
  author = {Ito, T. M. and Averett, T.  and Barkhuff, D.  and Batigne, G.  and Beck, D. H. and Beise, E. J. and Blake, A.  and Breuer, H.  and Carr, R.  and Clasie, B.  and Covrig, S.  and Danagoulian, A.  and Dodson, G.  and Dow, K.  and Dutta, D.  and Farkhondeh, M.  and Filippone, B. W. and Franklin, W.  and Furget, C.  and Gao, H.  and Gao, J.  and Gustafsson, K.  and Hannelius, L.  and Hasty, R.  and Hawthorne-Allen, A. M. and Herda, M. C. and Jones, C. E.},
  journal = {Phys. Rev. Lett.},
  volume = {92},
  number = {10},
  pages = {102003},
  numpages = {4},
  year = {2004},
  month = {Mar},
  doi = {10.1103/PhysRevLett.92.102003},
  publisher = {American Physical Society}
}
@Article{PhysRevLett.84.1106,
  title = {Parity Violation in Elastic Electron-Proton Scattering and the Proton's Strange Magnetic Form Factor},
  author = {Spayde, D. T. and Averett, T.  and Barkhuff, D.  and Beck, D. H. and Beise, E. J. and Benson, C.  and Breuer, H.  and Carr, R.  and Covrig, S.  and DelCorso, J.  and Dodson, G.  and Dow, K.  and Eppstein, C.  and Farkhondeh, M.  and Filippone, B. W. and Frazier, P.  and Hasty, R.  and Ito, T. M. and Jones, C. E. and Korsch, W.  and Kowalski, S.  and Lee, P.  and Maneva, E.  and McCarty, K.  and McKeown, R. D. and Mikell, J.  and Mueller, B. },
  journal = {Phys. Rev. Lett.},
  volume = {84},
  number = {6},
  pages = {1106--1109},
  numpages = {3},
  year = {2000},
  month = {Feb},
  doi = {10.1103/PhysRevLett.84.1106},
  publisher = {American Physical Society}
}
@Article{PhysRevLett.78.3824,
  title = {Measurement of the Proton's Neutral Weak Magnetic Form Factor},
  author = {Mueller, B.  and Beck, D. H. and Beise, E. J. and Candell, E.  and Cardman, L.  and Carr, R.  and DiBari, R. C. and Dodson, G.  and Dow, K.  and Duncan, F.  and Farkhondeh, M.  and Filippone, B. W. and Forest, T.  and Gao, H.  and Korsch, W.  and Kowalski, S.  and Lung, A.  and McKeown, R. D. and Mohring, R.  and Napolitano, J.  and Nilsson, D.  and Pitt, M.  and Simicevic, N.  and Terburg, B.  and Wells, S. P.},
  journal = {Phys. Rev. Lett.},
  volume = {78},
  number = {20},
  pages = {3824--3827},
  numpages = {3},
  year = {1997},
  month = {May},
  doi = {10.1103/PhysRevLett.78.3824},
  publisher = {American Physical Society}
}
@article{R.Hasty12152000,
author = {Hasty, R. and Hawthorne-Allen, A. M. and Averett, T. and Barkhuff, D. and Beck, D. H. and Beise, E. J. and Blake, A. and Breuer, H. and Carr, R. and Covrig, S. and Danagoulian, A. and Dodson, G. and Dow, K. and Farkhondeh, M. and Filippone, B. W. and Gao, J. and Herda, M. C. and Ito, T. M. and Jones, C. E. and Korsch, W. and Kramer, K. and Kowalski, S. and Lee, P. and McKeown, R. D. and Mueller, B. and Pitt, M. and Ritter, J. and Roche, J. and Savu, V. and Spayde, D. T. and Tieulent, R. and Tsentalovich, E. and Wells, S. P. and Yang, B. and Zwart, T.},
title = {{Strange Magnetism and the Anapole Structure of the Proton}},
journal = {Science},
volume = {290},
number = {5499},
pages = {2117-2119},
doi = {10.1126/science.290.5499.2117},
year = {2000},
URL = {http://www.sciencemag.org/cgi/content/abstract/290/5499/2117},
eprint = {http://www.sciencemag.org/cgi/reprint/290/5499/2117.pdf}
}
@article{Spayde200479,
title = "The strange quark contribution to the proton's magnetic moment",
journal = "Physics Letters B",
volume = "583",
number = "1-2",
pages = "79 - 86",
year = "2004",
note = "",
issn = "0370-2693",
doi = "DOI: 10.1016/j.physletb.2004.01.002",
url = "http://www.sciencedirect.com/science/article/B6TVN-4BHT6F4-4/2/ce550f107da55d92f0462c1b8bf4a4f4",
author = "D. T. Spayde and D. H. Beck and R. Hasty and T. Averett and D. Barkhuff and G. Dodson and K. Dow and M. Farkhondeh and W. Franklin and E. Tsentalovich and B. Yang and T. Zwart and E. J. Beise and H. Breuer and R. Tieulent and R. Carr and S. Covrig and B. W. Filippone and T. M. Ito and R. D. McKeown and W. Korsch and S. Kowalski and B. Mueller and M. L. Pitt and M. J. Ramsey-Musolf and J. Ritter and S. P. Wells"
}
@article{Beise2005289,
title = "The SAMPLE experiment and weak nucleon structure",
journal = "Progress in Particle and Nuclear Physics",
volume = "54",
number = "1",
pages = "289 - 350",
year = "2005",
note = "",
issn = "0146-6410",
doi = "DOI: 10.1016/j.ppnp.2004.07.002",
url = "http://www.sciencedirect.com/science/article/B6TJC-4D98GRB-1/2/477b778e121de7a6114cc8ca976f002f",
author = "E.J. Beise and M.L. Pitt and D.T. Spayde",
keywords = "Nucleon structure",
keywords = "Parity violation",
keywords = "Strange quarks",
keywords = "Electromagnetic form factors"
}
@Article{PhysRevLett.93.022002,
  title = {Measurement of Strange-Quark Contributions to the Nucleon's Form Factors at $Q2=0.230 (GeV/c)2$},
  author = {Maas, F. E. and Achenbach, P.  and Aulenbacher, K.  and Baunack, S.  and Capozza, L.  and Diefenbach, J.  and Grimm, K.  and Imai, Y.  and Hammel, T.  and von Harrach, D.  and Kabu\ss{}, E.-M.  and Kothe, R.  and Lee, J. H. and Lorente, A.  and Lopes Ginja, A.  and Nungesser, L.  and Schilling, E.  and Stephan, G.  and Weinrich, C.  and Altarev, I.  and Arvieux, J.  and Collin, B.  and Frascaria, R.  and Guidal, M.  and Kunne, R.  and Marchand, D.  and Morlet, M. },
  journal = {Phys. Rev. Lett.},
  volume = {93},
  number = {2},
  pages = {022002},
  numpages = {4},
  year = {2004},
  month = {Jul},
  doi = {10.1103/PhysRevLett.93.022002},
  publisher = {American Physical Society}
}
@Article{PhysRevLett.102.151803,
  title = {Measurement of Strange Quark Contributions to the Vector Form Factors of the Proton at $Q2=0.22  (GeV/c)2$},
  author = {Baunack, S.  and Aulenbacher, K.  and Balaguer R\'\i{}os, D.  and Capozza, L.  and Diefenbach, J.  and Gl\"aser, B.  and von Harrach, D.  and Imai, Y.  and Kabu\ss{}, E.-M.  and Kothe, R.  and Lee, J. H. and Merkel, H.  and Mora Esp\'\i{}, M. C. and M\"uller, U.  and Schilling, E.  and Stephan, G.  and Weinrich, C.  and Arvieux, J.  and El-Yakoubi, M. A. and Frascaria, R.  and Kunne, R.  and Maas, F. E. and Morlet, M.  and Ong, S.  and van de Wiele, J.  and Kowalski, S.  and Prok, Y. },
  journal = {Phys. Rev. Lett.},
  volume = {102},
  number = {15},
  pages = {151803},
  numpages = {4},
  year = {2009},
  month = {Apr},
  doi = {10.1103/PhysRevLett.102.151803},
  publisher = {American Physical Society}
}
@article{Hammel20061,
title = "A luminosity monitor for the A4 parity violation experiment at MAMI",
journal = "Nuclear Instruments and Methods in Physics Research Section A: Accelerators, Spectrometers, Detectors and Associated Equipment",
volume = "564",
number = "1",
pages = "1 - 12",
year = "2006",
note = "",
issn = "0168-9002",
doi = "DOI: 10.1016/j.nima.2006.03.028",
url = "http://www.sciencedirect.com/science/article/B6TJM-4JT3NHX-1/2/1ccd0b45db5343e17ca1ebefd1892854",
author = "T. Hammel and P. Achenbach and S. Baunack and L. Capozza and J. Diefenbach and K. Grimm and D. von Harrach and Y. Imai and E. Kabuß and R. Kothe and J.H. Lee and A. Lopes Ginja and F.E. Maas and A. Sanchez Lorente and E. Schilling and G. Stephan and C. Weinrich and I. Altarev",
keywords = "Charged-particle sources and detectors",
keywords = "Charge conjugation, parity, time reversal, and other discrete symmetries",
keywords = "Beam characteristics",
keywords = "Cherenkov detectors"
}
@article{Imai2005332,
title = "The Compton backscattering polarimeter of the A4 experiment",
journal = "Progress in Particle and Nuclear Physics",
volume = "55",
number = "1",
pages = "332 - 335",
year = "2005",
note = "International School of Nuclear Physics 26th course - Lepton scattering and the structure of hadrons and nuclei",
issn = "0146-6410",
doi = "DOI: 10.1016/j.ppnp.2005.01.003",
url = "http://www.sciencedirect.com/science/article/B6TJC-4FK42KR-6/2/5058724627914f573c7f9f885545dbf9",
author = "Y. Imai",
keywords = "Polarized beams",
keywords = "Beam analyzers",
keywords = "Beam monitors and Faraday cups",
keywords = "Resonators",
keywords = "Cavities",
keywords = "Amplifiers and rings",
keywords = "Electron polarization measurement"
}
@ARTICLE{zpole,
   author = {Acciarri, M. and et all
	},
    title = "{Measurement of cross sections and leptonic forward-backward asymmetries at the Z pole and determination of electroweak parameters}",
  journal = {Zeitschrift fur Physik C Particles and Fields},
     year = 1994,
    month = dec,
   volume = 62,
    pages = {551-573},
      doi = {10.1007/BF01574160},
   adsurl = {http://adsabs.harvard.edu/abs/1994ZPhyC..62..551A},
  adsnote = {Provided by the SAO/NASA Astrophysics Data System}
}
@Article{PhysRevLett.95.081601,
  title = {Precision Measurement of the Weak Mixing Angle in M\o{}ller Scattering},
  author = {Anthony, P. L. and Arnold, R. G. and Arroyo, C.  and Bega, K.  and Biesiada, J.  and Bosted, P. E. and Bower, G.  and Cahoon, J.  and Carr, R.  and Cates, G. D. and Chen, J.-P.  and Chudakov, E.  and Cooke, M.  and Decowski, P.  and Deur, A.  and Emam, W.  and Erickson, R.  and Fieguth, T.  and Field, C.  and Gao, J.  and Gary, M.  and Gustafsson, K.  and Hicks, R. S. and Holmes, R.  and Hughes, E. W. and Humensky, T. B. and Jones, G. M.},
  journal = {Phys. Rev. Lett.},
  volume = {95},
  number = {8},
  pages = {081601},
  numpages = {5},
  year = {2005},
  month = {Aug},
  doi = {10.1103/PhysRevLett.95.081601},
  publisher = {American Physical Society}
}
@Article{hauger_polarimeter,
title = "A high-precision polarimeter",
journal = "Nuclear Instruments and Methods in Physics Research Section A: Accelerators,Spectrometers,Detectors and Associated Equipment",
volume = "462",
number = "3",
pages = "382 - 392",
year = "2001",
note = "",
issn = "0168-9002",
doi = "DOI: 10.1016/S0168-9002(01)00197-8",
url = "http://www.sciencedirect.com/science/article/B6TJM-432D95H-5/2/a75202ab9c96c9c8f62901662b504efa",
author = "M. Hauger and A. Honegger and J. Jourdan and G. Kubon and T. Petitjean and D. Rohe and I. Sick and G. Warren and H. Wöhrle and J. Zhao and R. Ent and J. Mitchell and D. Crabb and A. Tobias and M. Zeier and B. Zihlmann",
keywords = "Møller polarimeter",
keywords = "Electron scattering",
keywords = "High precision (0.5%)"
}
@article{PhysRevLett.96.022003,
  title = {Parity-Violating Electron Scattering from $^{4}\mathrm{He}$ and the Strange Electric Form Factor of the Nucleon},
  author = {Aniol, K. A. and Armstrong, D. S. and Averett, T. and Benaoum, H. and Bertin, P. Y. and Burtin, E. and Cahoon, J. and Cates, G. D. and Chang, C. C. and Chao, Y.-C. and Chen, J.-P. and Choi, Seonho and Chudakov, E. and Craver, B. and Cusanno, F. and Decowski, P. and Deepa, D. and Ferdi, C. and Feuerbach, R. J. and Finn, J. M. and Frullani, S. and Fuoti, K. and Garibaldi, F. and Gilman, R. and Glamazdin, A. and Gorbenko, V. and Grames, J. M. and Hansknecht, J. and Higinbotham, D. W. and Holmes, R. and Holmstrom, T. and Humensky, T. B. and Ibrahim, H. and de Jager, C. W. and Jiang, X. and Kaufman, L. J. and Kelleher, A. and Kolarkar, A. and Kowalski, S. and Kumar, K. S. and Lambert, D. and LaViolette, P. and LeRose, J. and Lhuillier, D. and Liyanage, N. and Margaziotis, D. J. and Mazouz, M. and McCormick, K. and Meekins, D. G. and Meziani, Z.-E. and Michaels, R. and Moffit, B. and Monaghan, P. and Munoz-Camacho, C. and Nanda, S. and Nelyubin, V. and Neyret, D. and Paschke, K. D. and Poelker, M. and Pomatsalyuk, R. and Qiang, Y. and Reitz, B. and Roche, J. and Saha, A. and Singh, J. and Snyder, R. and Souder, P. A. and Subedi, R. and Suleiman, R. and Sulkosky, V. and Tobias, W. A. and Urciuoli, G. M. and Vacheret, A. and Voutier, E. and Wang, K. and Wilson, R. and Wojtsekhowski, B. and Zheng, X.},
  collaboration = {HAPPEX Collaboration},
  journal = {Phys. Rev. Lett.},
  volume = {96},
  issue = {2},
  pages = {022003},
  numpages = {5},
  year = {2006},
  month = {Jan},
  doi = {10.1103/PhysRevLett.96.022003},
  url = {http://link.aps.org/doi/10.1103/PhysRevLett.96.022003},
  publisher = {American Physical Society}
}
@article{qweak25percent,
      author         = "Androic, D. and others",
      title          = "{First Determination of the Weak Charge of the Proton}",
      collaboration  = "Qweak Collaboration",
      year           = "2013",
      eprint         = "1307.5275",
      archivePrefix  = "arXiv",
      primaryClass   = "nucl-ex",
      reportNumber   = "JLAB-PHY-13-1756",
      SLACcitation   = "%%CITATION = ARXIV:1307.5275;%%",
}
@article{Hauger2001382,
title = "A high-precision polarimeter ",
journal = "Nuclear Instruments and Methods in Physics Research Section A: Accelerators, Spectrometers, Detectors and Associated Equipment ",
volume = "462",
number = "3",
pages = "382 - 392",
year = "2001",
note = "",
issn = "0168-9002",
doi = "http://dx.doi.org/10.1016/S0168-9002(01)00197-8",
url = "http://www.sciencedirect.com/science/article/pii/S0168900201001978",
author = "M. Hauger and A. Honegger and J. Jourdan and G. Kubon and T. Petitjean and D. Rohe and I. Sick and G. Warren and H. Wöhrle and J. Zhao and R. Ent and J. Mitchell and D. Crabb and A. Tobias and M. Zeier and B. Zihlmann",
keywords = "M<span style='font-style: italic'>ø</span>ller polarimeter",
keywords = "Electron scattering",
keywords = "High precision (0.5%) "
}
@article{nur_kaon_paper,
  title = {Nuclear transparency and effective kaon-nucleon cross section from the $A(e,{e}^{$'${}}{K}^{+})$ reaction},
  author = {Nuruzzaman and Dutta, D. and Arrington, J. and Asaturyan, R. and Benmokhtar, F. and Boeglin, W. and Bosted, P. and Bruell, A. and Clasie, B. and Christy, M. E. and Chudakov, E. and Dalton, M. M. and Daniel, A. and Day, D. and Fassi, L. El and Ent, R. and Fenker, H. C. and Ferrer, J. and Fomin, N. and Gao, H. and Garrow, K. and Gaskell, D. and Gray, C. and Horn, T. and Huber, G. M. and Jones, M. K. and Kalantarians, N. and Keppel, C. E. and Kramer, K. and Li, Y. and Liang, Y. and Lung, A. F. and Malace, S. and Markowitz, P. and Matsumura, A. and Meekins, D. G. and Mertens, T. and Miyoshi, T. and Mkrtchyan, H. and Monson, R. and Navasardyan, T. and Niculescu, G. and Niculescu, I. and Okayasu, Y. and Opper, A. K. and Perdrisat, C. and Punjabi, V. and Qian, X. and Rauf, A. W. and Rodriquez, V. M. and Rohe, D. and Seely, J. and Segbefia, E. and Smith, G. R. and Sumihama, M. and Tadevosyan, V. and Tang, L. and Tvaskis, V. and Vulcan, W. F. and Wesselmann, F. R. and Wood, S. A. and Yuan, L. and Zheng, X. C.},
  journal = {Phys. Rev. C},
  volume = {84},
  issue = {1},
  pages = {015210},
  numpages = {7},
  year = {2011},
  month = {Jul},
  doi = {10.1103/PhysRevC.84.015210},
  url = {http://link.aps.org/doi/10.1103/PhysRevC.84.015210},
  publisher = {American Physical Society}
}
@article{nur_qweak_ICNFP_paper,
  title = {Q-weak: First Direct Measurement of the Weak Charge of the Proton},
  author = {Nuruzzaman},
  journal = {EPJ},
  volume = {},
  issue = {},
  pages = {},
  numpages = {7},
  year = {2013},
  month = {December},
  doi = {},
  url = {},
  publisher = {EPJ}
}
@article{grames_double_wien_proceedings,
  title = { Two Wien Filter Spin Flipper},
  author = {Grames, J. and Adderley, P. and Benesch, J. and Clark, J. and Hansknecht, J. and Kazimi, R. and Machie, D. and Poelker, M. and Stutzman, M. and Suleiman, R. and Zhang, Y.},
  journal = {Particle Accelerator Conference Proceedings},
  volume = {},
  issue = {},
  pages = {862},
  numpages = {3},
  year = {2011},
  month = {},
  doi = {},
  url = {https://misportal.jlab.org/ul/publications/view_pub.cfm?pub_id=10578},
  publisher = {}
}
@article{Yan:1993fd,
      author         = "Yan, C. and Carlini, R. and Neuffer, D.",
      title          = "{Beam energy measurement using the Hall C beamline}",
      journal        = "Conf.Proc.",
      volume         = "C930517",
      pages          = "2136-2138",
      year           = "1993",
      SLACcitation   = "%%CITATION = CONFP,C930517,2136;%%",
}
@article{Yan1995261,
title = "Superharp ? A wire scanner with absolute position readout for beam energy measurement at \{CEBAF\} ",
journal = "Nuclear Instruments and Methods in Physics Research Section A: Accelerators, Spectrometers, Detectors and Associated Equipment ",
volume = "365",
number = "2?3",
pages = "261 - 267",
year = "1995",
note = "",
issn = "0168-9002",
doi = "http://dx.doi.org/10.1016/0168-9002(95)00505-6",
url = "http://www.sciencedirect.com/science/article/pii/0168900295005056",
author = "C. Yan and P. Adderley and D. Barker and J. Beaufait and K. Capek and R. Carlini and J. Dahlberg and E. Feldl and K. Jordan and B. Kross and W. Oren and R. Wojcik and J. VanDyke"
}
@article{PhysRevC.69.065501,
  title = {Parity-violating electroweak asymmetry in $\vec{e}p$ scattering},
  author = {Aniol, K. A. and Armstrong, D. S. and Averett, T. and Baylac, M. and Burtin, E. and Calarco, J. and Cates, G. D. and Cavata, C. and Chai, Z. and Chang, C. C. and Chen, J.-P. and Chudakov, E. and Cisbani, E. and Coman, M. and Dale, D. and Deur, A. and Djawotho, P. and Epstein, M. B. and Escoffier, S. and Ewell, L. and Falletto, N. and Finn, J. M. and Fissum, K. and Fleck, A. and Frois, B. and Frullani, S. and Gao, J. and Garibaldi, F. and Gasparian, A. and Gerstner, G. M. and Gilman, R. and Glamazdin, A. and Gomez, J. and Gorbenko, V. and Hansen, O. and Hersman, F. and Higinbotham, D. W. and Holmes, R. and Holtrop, M. and Humensky, T. B. and Incerti, S. and Iodice, M. and de Jager, C. W. and Jardillier, J. and Jiang, X. and Jones, M. K. and Jorda, J. and Jutier, C. and Kahl, W. and Kelly, J. J. and Kim, D. H. and Kim, M.-J. and Kim, M. S. and Kominis, I. and Kooijman, E. and Kramer, K. and Kumar, K. S. and Kuss, M. and LeRose, J. and De Leo, R. and Leuschner, M. and Lhuillier, D. and Liang, M. and Liyanage, N. and Lourie, R. and Madey, R. and Malov, S. and Margaziotis, D. J. and Marie, F. and Markowitz, P. and Martino, J. and Mastromarino, P. and McCormick, K. and McIntyre, J. and Meziani, Z.-E. and Michaels, R. and Milbrath, B. and Miller, G. W. and Mitchell, J. and Morand, L. and Neyret, D. and Pedrisat, C. and Petratos, G. G. and Pomatsalyuk, R. and Price, J. S. and Prout, D. and Punjabi, V. and Pussieux, T. and Qu\'em\'ener, G. and Ransome, R. D. and Relyea, D. and Roblin, Y. and Roche, J. and Rutledge, G. A. and Rutt, P. M. and Rvachev, M. and Sabatie, F. and Saha, A. and Souder, P. A. and Spradlin, M. and Strauch, S. and Suleiman, R. and Templon, J. and Teresawa, T. and Thompson, J. and Tieulent, R. and Todor, L. and Tonguc, B. T. and Ulmer, P. E. and Urciuoli, G. M. and Vlahovic, B. and Wijesooriya, K. and Wilson, R. and Wojtsekhowski, B. and Woo, R. and Xu, W. and Younus, I. and Zhang, C.},
  collaboration = {HAPPEX Collaboration},
  journal = {Phys. Rev. C},
  volume = {69},
  issue = {6},
  pages = {065501},
  numpages = {35},
  year = {2004},
  month = {Jun},
  doi = {10.1103/PhysRevC.69.065501},
  url = {http://link.aps.org/doi/10.1103/PhysRevC.69.065501},
  publisher = {American Physical Society}
}
@article{PhysRevLett.82.1096,
  title = {Measurement of the neutral weak form factors of the proton},
  author = {Aniol, K. A. and Armstrong, D. S. and Baylac, M. and Burtin, E. and Calarco, J. and Cates, G. D. and Cavata, C. and Chen, J.-P. and Chudakov, E. and Dale, D. and de Jager, C. W. and Deur, A. and Djawotho, P. and Epstein, M. B. and Escoffier, S. and Ewell, L. and Falletto, N. and Finn, J. M. and Fissum, K. and Fleck, A. and Frois, B. and Gao, J. and Garibaldi, F. and Gasparian, A. and Gerstner, G. M. and Gilman, R. and Glamazdin, A. and Gomez, J. and Gorbenko, V. and Hansen, O. and Hersman, F. and Holmes, R. and Holtrop, M. and Humensky, B. and Incerti, S. and Jardillier, J. and Jones, M. K. and Jorda, J. and Jutier, C. and Kahl, W. and Kim, D. H. and Kim, M. S. and Kramer, K. and Kumar, K. S. and Kuss, M. and LeRose, J. and Leuschner, M. and Lhuillier, D. and Liyanage, N. and Lourie, R. and Madey, R. and Margaziotis, D. J. and Marie, F. and Martino, J. and Mastromarino, P. and McCormick, K. and McIntyre, J. and Meziani, Z.-E. and Michaels, R. and Miller, G. W. and Neyret, D. and Perdrisat, C. and Petratos, G. G. and Pomatsalyuk, R. and Price, J. S. and Prout, D. and Punjabi, V. and Pussieux, T. and Qu\'em\'ener, G. and Rutledge, G. and Rutt, P. M. and Saha, A. and Souder, P. A. and Spradlin, M. and Suleiman, R. and Thompson, J. and Todor, L. and Ulmer, P. E. and Vlahovic, B. and Wijesooriya, K. and Wilson, R. and Wojtsekhowski, B.},
  collaboration = {(HAPPEX Collaboration)},
  journal = {Phys. Rev. Lett.},
  volume = {82},
  issue = {6},
  pages = {1096--1100},
  year = {1999},
  month = {Feb},
  doi = {10.1103/PhysRevLett.82.1096},
  url = {http://link.aps.org/doi/10.1103/PhysRevLett.82.1096},
  publisher = {American Physical Society}
}
@article{Aniol2006275,
title = "Constraints on the nucleon strange form factors at ",
journal = "Physics Letters B ",
volume = "635",
number = "5?6",
pages = "275 - 279",
year = "2006",
note = "",
issn = "0370-2693",
doi = "http://dx.doi.org/10.1016/j.physletb.2006.03.011",
url = "http://www.sciencedirect.com/science/article/pii/S0370269306003054",
author = "K.A. Aniol and D.S. Armstrong and T. Averett and H. Benaoum and P.Y. Bertin and E. Burtin and J. Cahoon and G.D. Cates and C.C. Chang and Y.-C. Chao and J.P. Chen and Seonho Choi and E. Chudakov and B. Craver and F. Cusanno and P. Decowski and D. Deepa and C. Ferdi and R.J. Feuerbach and J.M. Finn and S. Frullani and K. Fuoti and F. Garibaldi and R. Gilman and A. Glamazdin and V. Gorbenko and J.M. Grames and J. Hansknecht and D.W. Higinbotham and R. Holmes and T. Holmstrom and T.B. Humensky and H. Ibrahim and C.W. de Jager and X. Jiang and L.J. Kaufman and A. Kelleher and A. Kolarkar and S. Kowalski and K.S. Kumar and D. Lambert and P. LaViolette and J. LeRose and D. Lhuillier and N. Liyanage and D.J. Margaziotis and M. Mazouz and K. McCormick and D.G. Meekins and Z.-E. Meziani and R. Michaels and B. Moffit and P. Monaghan and C. Munoz-Camacho and S. Nanda and V. Nelyubin and D. Neyret and K.D. Paschke and M. Poelker and R. Pomatsalyuk and Y. Qiang and B. Reitz and J. Roche and A. Saha and J. Singh and R. Snyder and P.A. Souder and M. Stutzman and R. Subedi and R. Suleiman and V. Sulkosky and W.A. Tobias and G.M. Urciuoli and A. Vacheret and E. Voutier and K. Wang and R. Wilson and B. Wojtsekhowski and X. Zheng"
}
@article{PhysRevLett.108.102001,
  title = {New Precision Limit on the Strange Vector Form Factors of the Proton},
  author = {Ahmed, Z. and Allada, K. and Aniol, K. A. and Armstrong, D. S. and Arrington, J. and Baturin, P. and Bellini, V. and Benesch, J. and Beminiwattha, R. and Benmokhtar, F. and Canan, M. and Camsonne, A. and Cates, G. D. and Chen, J.-P. and Chudakov, E. and Cisbani, E. and Dalton, M. M. and de Jager, C. W. and De Leo, R. and Deconinck, W. and Decowski, P. and Deng, X. and Deur, A. and Dutta, C. and Franklin, G. B. and Friend, M. and Frullani, S. and Garibaldi, F. and Giusa, A. and Glamazdin, A. and Golge, S. and Grimm, K. and Hansen, O. and Higinbotham, D. W. and Holmes, R. and Holmstrom, T. and Huang, J. and Huang, M. and Hyde, C. E. and Jen, C. M. and Jin, G. and Jones, D. and Kang, H. and King, P. and Kowalski, S. and Kumar, K. S. and Lee, J. H. and LeRose, J. J. and Liyanage, N. and Long, E. and McNulty, D. and Margaziotis, D. and Meddi, F. and Meekins, D. G. and Mercado, L. and Meziani, Z.-E. and Michaels, R. and Mu\~noz-Camacho, C. and Mihovilovic, M. and Muangma, N. and Myers, K. E. and Nanda, S. and Narayan, A. and Nelyubin, V. and Nuruzzaman and Oh, Y. and Pan, K. and Parno, D. and Paschke, K. D. and Phillips, S. K. and Qian, X. and Qiang, Y. and Quinn, B. and Rakhman, A. and Reimer, P. E. and Rider, K. and Riordan, S. and Roche, J. and Rubin, J. and Russo, G. and Saenboonruang, K. and Saha, A. and Sawatzky, B. and Silwal, R. and Sirca, S. and Souder, P. A. and Sperduto, M. and Subedi, R. and Suleiman, R. and Sulkosky, V. and Sutera, C. M. and Tobias, W. A. and Urciuoli, G. M. and Waidyawansa, B. and Wang, D. and Wexler, J. and Wilson, R. and Wojtsekhowski, B. and Zhan, X. and Yan, X. and Yao, H. and Ye, L. and Zhao, B. and Zheng, X.},
  collaboration = {HAPPEX Collaboration},
  journal = {Phys. Rev. Lett.},
  volume = {108},
  issue = {10},
  pages = {102001},
  numpages = {5},
  year = {2012},
  month = {Mar},
  doi = {10.1103/PhysRevLett.108.102001},
  url = {http://link.aps.org/doi/10.1103/PhysRevLett.108.102001},
  publisher = {American Physical Society}
}
@article{PhysRevLett.104.012001,
  title = {Strange Quark Contributions to Parity-Violating Asymmetries in the Backward Angle G0 Electron Scattering Experiment},
  author = {Androi\ifmmode \acute{c}\else \'{c}\fi{}, D. and Armstrong, D. S. and Arvieux, J. and Bailey, S. L. and Beck, D. H. and Beise, E. J. and Benesch, J. and Benmokhtar, F. and Bimbot, L. and Birchall, J. and Bosted, P. and Breuer, H. and Capuano, C. L. and Chao, Y.-C. and Coppens, A. and Davis, C. A. and Ellis, C. and Flores, G. and Franklin, G. and Furget, C. and Gaskell, D. and Gericke, M. T. W. and Grames, J. and Guillard, G. and Hansknecht, J. and Horn, T. and Jones, M. and King, P. M. and Korsch, W. and Kox, S. and Lee, L. and Liu, J. and Lung, A. and Mammei, J. and Martin, J. W. and McKeown, R. D. and Mihovilovic, M. and Micherdzinska, A. and Mkrtchyan, H. and Muether, M. and Page, S. A. and Papavassiliou, V. and Pate, S. F. and Phillips, S. K. and Pillot, P. and Pitt, M. L. and Poelker, M. and Quinn, B. and Ramsay, W. D. and Real, J.-S. and Roche, J. and Roos, P. and Schaub, J. and Seva, T. and Simicevic, N. and Smith, G. R. and Spayde, D. T. and Stutzman, M. and Suleiman, R. and Tadevosyan, V. and van Oers, W. T. H. and Versteegen, M. and Voutier, E. and Vulcan, W. and Wells, S. P. and Williamson, S. E. and Wood, S. A.},
  collaboration = {G0 Collaboration},
  journal = {Phys. Rev. Lett.},
  volume = {104},
  issue = {1},
  pages = {012001},
  numpages = {5},
  year = {2010},
  month = {Jan},
  doi = {10.1103/PhysRevLett.104.012001},
  url = {http://link.aps.org/doi/10.1103/PhysRevLett.104.012001},
  publisher = {American Physical Society}
}
@article{PhysRevLett.94.152001,
  title = {Evidence for Strange-Quark Contributions to the Nucleon's Form Factors at ${Q}^{2}=0.108\text{\,\hskip0.056em\hskip0.056em}(\mathrm{GeV}/c{)}^{2}$},
  author = {Maas, F. E. and Aulenbacher, K. and Baunack, S. and Capozza, L. and Diefenbach, J. and Gl\"aser, B. and Hammel, T. and von Harrach, D. and Imai, Y. and Kabu\ss{}, E.-M. and Kothe, R. and Lee, J. H. and Lorente, A. and Schilling, E. and Schwaab, D. and Sikora, M. and Stephan, G. and Weber, G. and Weinrich, C. and Altarev, I. and Arvieux, J. and El-Yakoubi, M. and Frascaria, R. and Kunne, R. and Morlet, M. and Ong, S. and van de Wiele, J. and Kowalski, S. and Plaster, B. and Suleiman, R. and Taylor, S.},
  journal = {Phys. Rev. Lett.},
  volume = {94},
  issue = {15},
  pages = {152001},
  numpages = {4},
  year = {2005},
  month = {Apr},
  doi = {10.1103/PhysRevLett.94.152001},
  url = {http://link.aps.org/doi/10.1103/PhysRevLett.94.152001},
  publisher = {American Physical Society}
}
@article{PhysRevD.86.010001,
  title = {Review of Particle Physics},
  author = {Beringer, J. and Arguin, J. -F. and Barnett, R. M. and Copic, K. and Dahl, O. and Groom, D. E. and Lin, C. -J. and Lys, J. and Murayama, H. and Wohl, C. G. and Yao, W. -M. and Zyla, P. A. and Amsler, C. and Antonelli, M. and Asner, D. M. and Baer, H. and Band, H. R. and Basaglia, T. and Bauer, C. W. and Beatty, J. J. and Belousov, V. I. and Bergren, E. and Bernardi, G. and Bertl, W. and Bethke, S. and Bichsel, H. and Biebel, O. and Blucher, E. and Blusk, S. and Brooijmans, G. and Buchmueller, O. and Cahn, R. N. and Carena, M. and Ceccucci, A. and Chakraborty, D. and Chen, M. -C. and Chivukula, R. S. and Cowan, G. and D'Ambrosio, G. and Damour, T. and de Florian, D. and de Gouv\^ea, A. and DeGrand, T. and de Jong, P. and Dissertori, G. and Dobrescu, B. and Doser, M. and Drees, M. and Edwards, D. A. and Eidelman, S. and Erler, J. and Ezhela, V. V. and Fetscher, W. and Fields, B. D. and Foster, B. and Gaisser, T. K. and Garren, L. and Gerber, H. -J. and Gerbier, G. and Gherghetta, T. and Golwala, S. and Goodman, M. and Grab, C. and Gritsan, A. V. and Grivaz, J. -F. and Gr\"unewald, M. and Gurtu, A. and Gutsche, T. and Haber, H. E. and Hagiwara, K. and Hagmann, C. and Hanhart, C. and Hashimoto, S. and Hayes, K. G. and Heffner, M. and Heltsley, B. and Hern\'andez-Rey, J. J. and Hikasa, K. and H\"ocker, A. and Holder, J. and Holtkamp, A. and Huston, J. and Jackson, J. D. and Johnson, K. F. and Junk, T. and Karlen, D. and Kirkby, D. and Klein, S. R. and Klempt, E. and Kowalewski, R. V. and Krauss, F. and Kreps, M. and Krusche, B. and Kuyanov, Yu. V. and Kwon, Y. and Lahav, O. and Laiho, J. and Langacker, P. and Liddle, A. and Ligeti, Z. and Liss, T. M. and Littenberg, L. and Lugovsky, K. S. and Lugovsky, S. B. and Mannel, T. and Manohar, A. V. and Marciano, W. J. and Martin, A. D. and Masoni, A. and Matthews, J. and Milstead, D. and Miquel, R. and M\"onig, K. and Moortgat, F. and Nakamura, K. and Narain, M. and Nason, P. and Navas, S. and Neubert, M. and Nevski, P. and Nir, Y. and Olive, K. A. and Pape, L. and Parsons, J. and Patrignani, C. and Peacock, J. A. and Petcov, S. T. and Piepke, A. and Pomarol, A. and Punzi, G. and Quadt, A. and Raby, S. and Raffelt, G. and Ratcliff, B. N. and Richardson, P. and Roesler, S. and Rolli, S. and Romaniouk, A. and Rosenberg, L. J. and Rosner, J. L. and Sachrajda, C. T. and Sakai, Y. and Salam, G. P. and Sarkar, S. and Sauli, F. and Schneider, O. and Scholberg, K. and Scott, D. and Seligman, W. G. and Shaevitz, M. H. and Sharpe, S. R. and Silari, M. and Sj\"ostrand, T. and Skands, P. and Smith, J. G. and Smoot, G. F. and Spanier, S. and Spieler, H. and Stahl, A. and Stanev, T. and Stone, S. L. and Sumiyoshi, T. and Syphers, M. J. and Takahashi, F. and Tanabashi, M. and Terning, J. and Titov, M. and Tkachenko, N. P. and T\"ornqvist, N. A. and Tovey, D. and Valencia, G. and van Bibber, K. and Venanzoni, G. and Vincter, M. G. and Vogel, P. and Vogt, A. and Walkowiak, W. and Walter, C. W. and Ward, D. R. and Watari, T. and Weiglein, G. and Weinberg, E. J. and Wiencke, L. R. and Wolfenstein, L. and Womersley, J. and Woody, C. L. and Workman, R. L. and Yamamoto, A. and Zeller, G. P. and Zenin, O. V. and Zhang, J. and Zhu, R. -Y. and Harper, G. and Lugovsky, V. S. and Schaffner, P.},
  collaboration = {Particle Data Group},
  journal = {Phys. Rev. D},
  volume = {86},
  issue = {1},
  pages = {010001},
  numpages = {1528},
  year = {2012},
  month = {Jul},
  doi = {10.1103/PhysRevD.86.010001},
  url = {http://link.aps.org/doi/10.1103/PhysRevD.86.010001},
  publisher = {American Physical Society}
}
@article{PhysRevLett.109.203003,
  title = {Revisiting Parity Nonconservation in Cesium},
  author = {Dzuba, V. A. and Berengut, J. C. and Flambaum, V. V. and Roberts, B.},
  journal = {Phys. Rev. Lett.},
  volume = {109},
  issue = {20},
  pages = {203003},
  numpages = {5},
  year = {2012},
  month = {Nov},
  doi = {10.1103/PhysRevLett.109.203003},
  url = {http://link.aps.org/doi/10.1103/PhysRevLett.109.203003},
  publisher = {American Physical Society}
}
@Article{Wood21031997,
author = {Wood, C. S. and Bennett, S. C. and Cho, D. and Masterson, B. P. and Roberts, J. L. and Tanner, C. E. and Wieman, C. E.}, 
title = {Measurement of Parity Nonconservation and an Anapole Moment in Cesium},
volume = {275}, 
number = {5307}, 
pages = {1759-1763}, 
year = {1997}, 
doi = {10.1126/science.275.5307.1759}, 
abstract ={The amplitude of the parity-nonconserving transition between the 6S and 7S states of cesium was precisely measured with the use of a spin-polarized atomic beam. This measurement gives Im(E1pnc)/? = ?1.5935(56) millivolts per centimeter and provides an improved test of the standard model at low energy, including a value for the S parameter of ?1.3(3)exp (11)theory. The nuclear spin-dependent contribution was 0.077(11) millivolts per centimeter; this contribution is a manifestation of parity violation in atomic nuclei and is a measurement of the long-sought anapole moment.}, 
URL = {http://www.sciencemag.org/content/275/5307/1759.abstract}, 
eprint = {http://www.sciencemag.org/content/275/5307/1759.full.pdf}, 
journal = {Science} 
}
%D.T. Pierce, F. Meier, and P. Zurcher. Negative electron anity GaAs: A new source
%of spin-polarized electrons. Applied Physics Letters, 26(12):670{672, 1975.
%%########################################################################
%%######################## Techinacal Report #############################
%%########################################################################
@techreport{nur_bm_GUI_proposal,
   author = {Nuruzzaman and $\textit{et}$. $\textit{all}$},
    title = "{Beam Modulation GUI proposal}",
	 type = {Qweak-DocDB-1140},
     year = {2009},
    month = {December},
   number = {},
  address = {},
   adsurl = {https://qweak.jlab.org/doc-private/ShowDocument?docid=1140},
     note = {Submitted to accelerator division of JLab and was used as a reference for control system of Beam Modulation in the $Q^p_{weak}$ experiment.}
}
@techreport{nur_linear_reg,
   author = {Nuruzzaman and $\textit{et}$. $\textit{all}$},
    title = "{Position and Angle Determination at the $Q^p_{weak}$ Target for Beam Modulation}",
	 type = {Qweak-DocDB-1208},
     year = {2010},
    month = {March},
   number = {},
  address = {},
   adsurl = {https://qweak.jlab.org/doc-private/ShowDocument?docid=1208},
     note = {Used as a reference for how the position and angle determination at the target for beam modulation in the $Q^p_{weak}$ experiment.}
}
@techreport{nur_beamline_sketch,
   author = {Nuruzzaman and $\textit{et}$. $\textit{all}$},
    title = "{List of Beam Components \& Critical BPMs}",
	 type = {Qweak-DocDB-1203},
     year = {2010},
    month = {Feb},
   number = {},
  address = {},
   adsurl = {https://qweak.jlab.org/doc-private/ShowDocument?docid=1203},
     note = {}
}
@techreport{nur_bm_energy,
   author = {Nuruzzaman and $\textit{et}$. $\textit{all}$},
    title = "{How Beam Energy will be Identified in $Q^p_{weak}$}",
	 type = {Qweak-DocDB-1149},
     year = {2010},
    month = {January},
   number = {},
  address = {},
   adsurl = {https://qweak.jlab.org/doc-private/ShowDocument?docid=1149},
     note = {Used as a reference for how the beam enegy will be identified in the $Q^p_{weak}$ experiment.}
}
@techreport{nur_bm_machine_protection,
   author = {Nuruzzaman and $\textit{et}$. $\textit{all}$},
    title = "{Machine Protection Analysis of the Beam Modulation System for the $Q^p_{weak}$ Experiment}",
	 type = {Qweak-DocDB-1207},
     year = {2010},
    month = {March},
   number = {},
  address = {},
   adsurl = {https://qweak.jlab.org/doc-private/ShowDocument?docid=1207},
     note = {This analysis shows the worst case possibilities we can have during the experiment for Beam Modulation in $Q^p_{weak}$ experiment.}
}
@techreport{nur_bm_final,
   author = {Nuruzzaman and $\textit{et}$. $\textit{all}$},
    title = "{Beam Modulation in the 3C Line for the $Q^p_{weak}$ Experiment}",
	   type = {Hall-C Technical Note},
     year = {2009},
    month = {Jun},
   number = {},
  address = {},
   adsurl = {http://qweak.jlab.org/doc-private/DocumentDatabase},
     note = {Beam Modulation write up for $Q^p_{weak}$ experiment.}
}
@techreport{bpm1,
   author = {G. Krafft and A. Hofler.},
    title = "{How the Linac Beam Position Monitors Work}",
	   type = {CEBAF Technical Note},
     year = {1993},
    month = {},
   number = {CEBAF-TN-93-004},
  address = {},
   adsurl = {http://qweak.jlab.org/doc-private/DocumentDatabase},
     note = {}
}
@techreport{bpm2,
   author = {Paul Gueye},
    title = "{Status of the actual beam position monitors in the Hall C beamline.}",
	   type = {CEBAF Technical Note},
     year = {1995},
    month = {December},
   number = {Unpublished internal document},
  address = {},
   adsurl = {http://www.jlab.org/},
     note = {}
}
@techreport{qweak_proposal_2001,
   author = {Q-weak Collaboration},
    title = "{The Q-Weak Experiment: A search for New Physics at the TeV Scale via a Measurement of the Proton's Weak Charge}",
	   type = {E02-020 proposal},
     year = {2001},
    month = {December},
   number = {},
  address = {},
   adsurl = {http://qweak.jlab.org/doc-public/ShowDocument?docid=1},
     note = {}
}
@techreport{qweak_proposal_2004,
   author = {Q-weak Collaboration},
    title = "{The Q-weak Experiment: "A Search for New Physics at the TeV Scale via a Measurement of the Proton's Weak Charge"}",
	   type = {E05-008 Jeopardy proposal},
     year = {2004},
    month = {December},
   number = {},
  address = {},
   adsurl = {http://qweak.jlab.org/doc-public/ShowDocument?docid=190},
     note = {}
}
@techreport{qweak_proposal_2007,
   author = {Q-weak Collaboration},
    title = "{The Q-weak Experiment: "A Search for New Physics at the TeV Scale via a Measurement of the Proton's Weak Charge"}",
	   type = {E05-008 Jeopardy proposal},
     year = {2007},
    month = {December},
   number = {},
  address = {},
   adsurl = {http://qweak.jlab.org/doc-public/ShowDocument?docid=703},
     note = {}
}
@techreport{Leemann_CEBAF,
   author = {C. W. Leemann and D. R. Douglas and G. A. Krafft},
    title = "{"The Continuous Electron Beam Accelerator Facility: CEBAF at the Jefferson Laboratory"}",
	   type = {Annual Review of Nuclear and Particle Science, vol. 51, no. 1, pp. 413-450},
     year = {2001},
    month = {},
   number = {},
  address = {},
   adsurl = {},
     note = {}
}
@techreport{greg_target_hydrogen,
   author = {Gregory Smith and Silviu Covrig and Jim Dunne},
    title = "{"Qweak Liquid Hydrogen Target: Preliminary Design \& Safety Document"}",
	 type = {Qweak-DocDB-1041},
     year = {2009},
    month = {August},
   number = {},
  address = {},
   adsurl = {https://qweak.jlab.org/doc-private/ShowDocument?docid=1041},
     note = {}
}
@techreport{greg_target_solid,
   author = {Gregory Smith},
    title = "{"Optics Target"}",
	 type = {Qweak-DocDB-1144},
     year = {2009},
    month = {December},
   number = {},
  address = {},
   adsurl = {https://qweak.jlab.org/doc-private/ShowDocument?docid=1144},
     note = {}
}
@techreport{nur_qtor_hallprobe,
   author = {Nuruzzaman},
    title = "{Hall Probe Mount Design for QTOR}",
	 type = {Qweak-DocDB-1244},
     year = {2010},
    month = {May},
   number = {},
  address = {},
   adsurl = {https://qweak.jlab.org/doc-private/ShowDocument?docid=1244},
     note = {}
}
@techreport{ramesh_bcm,
   author = {Ramesh Subedi},
    title = "{Summary report on the BCMs for QWEAK}",
	 type = {Qweak-DocDB-1777},
     year = {2013},
    month = {January},
   number = {},
  address = {},
   adsurl = {https://qweak.jlab.org/doc-private/ShowDocument?docid=1777},
     note = {}
}
%%########################################################################
%%############################# Thesis ###################################
%%########################################################################
@phdthesis{amar_compton_thesis,
   author = {Amrendra Narayan},
    title = "{Electron Detector in Compton polarimeter for CEBAF Hall-C}",
	 type = {},
     year = {2013},
    month = {April},
   school = {Mississippi State University},
  address = {Mississippi State, MS},
   adsurl = {https://qweak.jlab.org/doc-private/ShowDocument?docid=XXXX},
     note = {}
}
@phdthesis{carlos_compton_thesis,
   author = {Juan Carlos Cornejo},
    title = "{Photon Detector in Compton polarimeter for CEBAF Hall-C}",
	 type = {},
     year = {2014},
    month = {April},
   school = {College of William and Mary},
  address = {Williamsburg, VA, USA},
   adsurl = {https://qweak.jlab.org/doc-private/ShowDocument?docid=XXXX},
     note = {}
}
@phdthesis{buddhini_qweak,
   author = {Buddhini Waidyawansa},
    title = {A 3\% Measurement of the Beam Normal Single Spin Asymmetry in Forward Angle Elastic Electron-Proton Scattering using the Qweak Setup},
	 type = {},
     year = {2013},
    month = {August},
   school = {Ohio University},
  address = {Athens OH 45701, USA},
   adsurl = {https://qweak.jlab.org/doc-private/ShowDocument?docid=1886},
     note = {}
}
@phdthesis{rakitha_qweak,
   author = {Rakitha Beminiwattha},
    title = {A Measurement of the Weak Charge of the Proton through Parity Violating Electron Scattering using the Qweak Apparatus: A 21\% Result},
	 type = {},
     year = {2013},
    month = {August},
   school = {Ohio University},
  address = {Athens OH 45701, USA},
   adsurl = {https://qweak.jlab.org/doc-private/ShowDocument?docid=1833},
     note = {}
}
@phdthesis{jie_qweak_thesis,
   author = {Jie Pan},
    title = {Towards a Precision Measurement of Parity-Violating e-p Elastic Scattering at Low Momentum Transfer},
	 type = {},
     year = {2012},
    month = {June},
   school = {University of Manitoba},
  address = {Winnipeg, Manitoba, Canada},
   adsurl = {https://qweak.jlab.org/doc-private/ShowDocument?docid=1670},
     note = {}
}
@phdthesis{leacock_qweak,
   author = {John Leacock},
    title = {Measuring the Weak Charge of the Proton and the Hadronic Parity Violation of the N $\rightarrow \Delta$ Transition},
	 type = {},
     year = {2012},
    month = {October},
   school = {Virginia Polytechnic Institute \& State University},
  address = {Blacksburg, VA 24061-0002, USA},
   adsurl = {https://misportal.jlab.org/ul/publications/view_pub.cfm?pub_id=11932},
     note = {}
}
@phdthesis{kmyers_qweak,
   author = {Kathrine Myers},
    title = {The First Determination of the Proton's Weak Charge Through Parity-Violating Asymmetry Measurements in Elastic e+p and e+Al Scattering},
	 type = {},
     year = {2012},
    month = {May},
   school = {The George Washington University},
  address = {Washington, DC 20052, USA},
   adsurl = {https://qweak.jlab.org/doc-private/ShowDocument?docid=1610},
     note = {}
}
@phdthesis{lackey_qweak,
   author = {John Lackey},
    title = {The First Direct Measurement of the Weak Charge of the Proton},
	 type = {},
     year = {2011},
    month = {October},
   school = {College of William and Mary},
  address = {Williamsburg, VA, USA},
   adsurl = {https://qweak.jlab.org/doc-private/ShowDocument?docid=1546},
     note = {}
}
@phdthesis{peiqing_qweak,
   author = {Peiqing Wang},
    title = {A Measurement Of The Protons Weak Charge Using An Integration Cerenkov Detector System},
	 type = {},
     year = {2011},
    month = {June},
   school = {University of Manitoba},
  address = {Winnipeg, Manitoba, Canada},
   adsurl = {https://qweak.jlab.org/doc-private/ShowDocument?docid=1471},
     note = {}
}
@phdthesis{juliette_G0_thesis,
   author = {Juliette Mammei},
    title = {Parity-Violating Elastic Electron Nucleon Scattering: Measurement of the Strange Quark Content of the Nucleon and Towards a Measurement of the Weak Charge of the Proton},
	 type = {},
     year = {2010},
    month = {April},
   school = {Virginia Polytechnic Institute \& State University},
  address = {Blacksburg, VA 24061-0002, USA},
   adsurl = {https://misportal.jlab.org/ul/publications/view_pub.cfm?pub_id=10107},
     note = {}
}
@phdthesis{puckett_GEPIII,
   author = {Andrew James Ruehe Puckett},
    title = "{Recoil Polarization Measurements of the Proton Electromagnetic Form Factor Ratio to High
Momentum Transfer}",
	 type = {},
     year = {2010},
    month = {Feb},
   school = {Massachusetts Institute of Technology},
  address = {MA},
   adsurl = {http://www1.jlab.org/ul/publications/view_pub.cfm?pub_id=8543},
     note = {}
}
@phdthesis{sarah_G0,
   author = {Sarah Phillips},
    title = "{Measurement of the Strange Quark Contribution to the Vector Structure of the Proton}",
	 type = {},
     year = {2007},
    month = {Nov},
   school = {College of William and Mary},
  address = {Virginia},
   adsurl = {http://www1.jlab.org/ul/publications/view_pub.cfm?pub_id=8543},
     note = {}
}
@phdthesis{bclasie,
   author = {Benjamin Micheal Patrick Clasie},
    title = "{Measurement of Nuclear Transparency from $A(e,e^\prime \pi^+)$ Reactions}",
	 type = {},
     year = {2006},
    month = {Aug},
   school = {Massachusetts Institute of Technology},
  address = {MA},
   adsurl = {http://www1.jlab.org/ul/publications/},
     note = {}
}
@phdthesis{Loppacher_moeller_thesis,
   author = {Matthias Loppacher},
    title = "{Moller polarimeter for CEBAF Hall-C}",
	 type = {},
     year = {1996},
    month = {April},
   school = {University of Basel},
  address = {Basel},
   adsurl = {https://hallcweb.jlab.org/polwiki/images/5/54/Loppacher_moeller_thesis.pdf},
     note = {}
}
@MastersThesis{nur_kaon_thesis,
   author = {Nuruzzaman},
    title = "{Effective Kaon-Nucleon Cross Section from Nuclear Transparency Measured in the $A(e e^\prime K^+)$ Reaction}",
	 type = {},
     year = {2010},
    month = {Aug},
   school = {Mississippi State University},
  address = {MS},
   adsurl = {http://www.jlab.org/~nur/publication/},
     note = {}
}
@MastersThesis{peiqing_qweak_masters,
   author = {Peiqing Wang},
    title = "{Magnetic Field Simulation and Mapping for the $Q_{Weak}^{p}$ Experiment}",
	 type = {},
     year = {2009},
    month = {},
   school = {University of Manitoba},
  address = {Winnipeg, Manitoba, Canada},
   adsurl = {https://qweak.jlab.org/doc-private/ShowDocument?docid=655},
     note = {}
}
%%########################################################################
%%############################# Manual ###################################
%%########################################################################
@manual{manual_vmivme4145,
    title = "{109 VME-4145 Hardware Reference Manual}",
	 author = {},
 organization = {GE Fanuc},
     year = {2008},
    month = {Jun},
  edition = {First Edition},
  address = {},
   adsurl = {https://qweak.jlab.org/wiki/index.php/Beam_Modulation/vme4145},
     note = {4-Channel 16-bit Arbitrary Waveform Generator Board with Autocalibration}
}
%%########################################################################
%%############################## Book ####################################
%%########################################################################
@book{leo_book,
    title = "{Techniques for Nuclear and Particle Physics Experiments}",
	 author = {Leo, W.R.},
publisher = {Springer},
     year = {1993},
    month = {Nov},
  edition = {Second Revised Edition},
   volume = {},
  address = {},
   adsurl = {},
     note = {A How-to Approach}
}
@book{jlab_source_book,
    title = "{Electron sources for accelerators.}",
	 author = "{C. Hernandez-Garcia, P. G. O'Shea, and M. L. Stutzman.}",
publisher = {Physics Today},
	 page = {44},
     year = {2008},
    month = {February},
  edition = {},
   volume = {},
  address = {},
   adsurl = {},
     note = {}
}
%%########################################################################
%%############################ Web Site ##################################
%%########################################################################
@misc{website:qweak,
   author = {},
    title = "{$Q^p_{weak}$: A Search for New Physics}",
    month = {},
     year = {},
howpublished = "\url{http://www.jlab.org/qweak/}"
}
@misc{website:hallc,
   author = {},
    title = "{Experimental Hall C}",
    month = {},
     year = {},
howpublished = "\url{http://www.jlab.org/Hall-C/}"
}
@misc{website:jlab,
   author = {},
    title = "{Thomas Jefferson National Accelerator Facility}",
    month = {},
     year = {},
howpublished = "\url{http://www.jlab.org/}"
}
@misc{website:jlab_12GeV,
   author = {},
    title = "{12 GeV Upgrade: Future Science at Jefferson Lab}",
    month = {},
     year = {},
howpublished = "\url{http://www.jlab.org/12GeV/index.html}"
}
@misc{website:qweak_docdb,
   author = {},
    title = "{A Document Database for the $Q^p_{weak}$ Experiment}",
    month = {},
     year = {},
howpublished = "\url{https://qweak.jlab.org/doc-public/DocumentDatabase}"
}
@misc{website:qweak_elog,
   author = {},
    title = "{An Eloctronic Logbook for the $Q^p_{weak}$ Experiment}",
    month = {},
     year = {},
howpublished = "\url{https://qweak.jlab.org/elog/}"
}
@misc{website:optim,
   author = {},
    title = "{OPTIM: Computer code for linear and non-linear optics calculations}",
    month = {},
     year = {},
howpublished = "\url{http://www-bdnew.fnal.gov/pbar/organizationalchart/lebedev/OptiM/optim.htm}"
}
@misc{website:ansys,
   author = {},
    title = "{ANSYS: A fluid dynamics simulation code}",
    month = {},
     year = {},
howpublished = "\url{http://www.ansys.com/}"
}
%%########################################################################
%%########################## Presentation ################################
%%########################################################################
@inproceedings{presentation:amar_compton_1732,
      author = {A. Narayan},
       title = "{Precision Compton Polarimetry During the Qweak Experiment.}",
       month = {October},
        year = {2012},
organization = {DNP 2012 Conference},
   publisher = {Q-weak-DocDB1732:~\url{https://qweak.jlab.org/doc-private/ShowDocument?docid=1732}},
}
@inproceedings{presentation:nur_bmod_1045,
      author = {Nuruzzaman},
       title = "{OPTIM Data Files for all the Beam Parameters.}",
       month = {September},
        year = {2009},
organization = {Q-weak Physics Meeting},
   publisher = {Q-weak-DocDB1045:~\url{https://qweak.jlab.org/doc-private/ShowDocument?docid=1045}},
}
@inproceedings{presentation:nur_bmod_XXXX,
      author = {Nuruzzaman},
       title = "{OPTIM Data Files for all the Beam Parameters.}",
       month = {September},
        year = {2009},
organization = {Q-weak Physics Meeting},
   publisher = {Q-weak-DocDBXXXX:~\url{https://qweak.jlab.org/doc-private/ShowDocument?docid=XXXX}},
}
@inproceedings{presentation:nur_bmod_XXXX,
      author = {Nuruzzaman},
       title = "{OPTIM Data Files for all the Beam Parameters.}",
       month = {September},
        year = {2009},
organization = {Q-weak Physics Meeting},
   publisher = {Q-weak-DocDBXXXX:~\url{https://qweak.jlab.org/doc-private/ShowDocument?docid=XXXX}},
}
@inproceedings{presentation:poelker_source_1436,
      author = {B. Poelker},
       title = "{Q-weak e-Source Issues.}",
       month = {June},
        year = {2011},
organization = {Q-weak Collaboration Meeting},
   publisher = {Q-weak-DocDB1436:~\url{https://qweak.jlab.org/doc-private/ShowDocument?docid=1436}},
}
%%########################################################################
%%############################## ELOG ####################################
%%########################################################################
@inproceedings{elog:peiqing_analysis588,
      author = {Peiqing Wang},
       title = "{Simulated elastic flux images on main bars.}",
       month = {May},
        year = {2012},
organization = {},
   publisher = {ELOG-Analysis-588:~\url{https://qweak.jlab.org/elog/Analysis+&+Simulation/588}},
}
%%########################################################################
%%######################### Miscellaneous ################################
%%########################################################################
@misc{OPTIM,
   author = {Lebedev, Valery},
    title = "{Computer code for linear and non-linear optics calculations}",
    month = {Jun},
     year = {2007},
howpublished = {\url{http://www-bdnew.fnal.gov/pbar/organizationalchart/lebedev/OptiM/optim.htm}}
}
@misc{mack_communication,
author = {Dave Mack},
year = {2009-2013}, 
howpublished = {Private communication}
}
@misc{jay_communication,
author = {Jay Benesch},
year = {2009-2013}, 
howpublished = {Private communication}
}
@misc{tiefenback_communication,
author = {Michael Tiefenback},
year = {2009}, 
howpublished = {Private communication}
}
@misc{philip_communication,
author = {Sarin Philip},
year = {2009-2010}, 
howpublished = {Private communication}
}