@Article{1,
  author =	 "H. Geiger and E. Marsden",
  title =	 "%%On a diffuse reflection of the $\alpha$ particles%%",
  journal =	 "\emph{Proceedings of the Royal Society of London}",
  volume =	 "Series A 82, 495 (1909)"
  page =         "%%495%%",
  year =	 "%%1909%%",
}

@Article{2,
  author =	 "Rutherford, E.",
  title =	 "%%The scattering of $\alpha$ and $\beta$ particles by matter and%% %%the%% %%structure of the atom%%",
  journal =	 "\emph{Philosophical Magazine}",
  volume =	 "21, 669-688 (1911)"
  page =         "%%669-688%%",
  year =         "%%1911%%",
}

@Article{3,
  author =	 "H. Geiger and E. Marsden",
  title =	 "%%The laws of deflection of $\alpha$ particles though%%
                  %%large%% %%angles%%",
  journal =	 "\emph{Philosophical Magazine}",
  volume =	 "25, 148 (1913)"
  page =         "%%148%%",
  year =         "%%1913%%",
}

@Article{4,
  author =	 "O. Stern",
  title =	 "",
  journal =	 "\emph{Nature}",
  volume =	 "132, 169 (1933)"
}

@inproceedings{5,
  author =	 "Francis Halzen and Alan D. Martin",
  title =	 "{Quark and Leptons: An Introductory Course in Modern
                  Particle Physics}",
  publisher =	 "John Wiley and Sons, (1984)"
}

@inproceedings{6,
  author =	 "M. Amaryan",
  title =	 "Class notes, (2007)"
}

@inproceedings{7,
  author =	 "Michael E. Peskin and Daniel V. Schroeder",
  title =	 "{An Introduction to Quantum Field Theory}",
  publisher =	 "Westview Press, (1995)"
}

@Article{8,
  author =	 "C. Amsler \emph{et al.}",
  title =	 "({Particle Data Group), ``2008 Review of Particle
                  Physics"}",
  journal =	 "\emph{Phys. Lett. B 667}",
  volume =	 "1 (2008)",
}

@inproceedings{9,
  author =	 "D. Griffiths",
  title =	 "{Introduction to Elementary Particles}",
  publisher =	 "John Wiley and Sons Inc, (1987)"
}

@Article{10,
  author =	 "Hofstadter, Robert and McAllister, Robert W.",
  title =	 "%%{Electron Scattering from the Proton}%%",
  journal =	 "\emph{American Physical Society, Phys. Rev. 98,
                   217-218 (1955)}"
  pages  =       "%%217-218 (1955)%%",
}

@Article{11,
  author =	 "Robert Hofstadter and Robert McAllister ",
  title =	 "%%{Elastic Scattering of 188-MeV electrons from the%%
                  %%Proton and%% %%the Alpha Particle}%%",
  journal =	 "\emph{Phys. Rev. 102, 851 (1956)}"
  pages  =       "%%851 (1956)%%",
}

@Article{12,
  author =	 "Robert Hofstadter",
  title =	 "%%{Electron Scattering and Nuclear Structure}%%",
  journal =	 "\emph{Rev. of Mod. Phys. 28(3), 214 (1956)}"
  volume =	 "%%3 (1956)%%",
  page   =       "%%214%%",
}

@Article{13,
  author =	 "S. D. Drell and J. D. Walecka",
  title =	 "%%{Electrodynanic Processes with Nuclear Targets}%%",
  journal =	 "\emph{Ann. Phys. 28, 18-33 (1964)}"
  page =         "%%18-33 (1964)%%",
}

@Article{14,
  author =	 "M. Anselmino and A. Efremov and E. Leader",
  title =	 "%%{The theory and phenomenology of polarized deep%%
                  %%inelastic%% %%scattering}%%",
  journal =	 "\emph{Physics Reports}",
  volume =	 "261(1-2), 1-124 (1995)"
  pages =        "%%1-124%%",
  year  =        "%%1995%%",
}

@inproceedings{15,
  author =	 "Amitabha Lahiri and Palash B. Pal",
  title =	 "{A First Book Of Quantum Field Theory}",
  publisher =	 "CRC Press, (2001)"
}

