%empty.bib

@ARTICLE{citekey
,  AUTHOR    = {}
,  TITLE     = {}
,  JOURNAL   = {}
,  YEAR      = {}
,  MONTH     = {}
,  VOLUME    = {}
,  NUMBER    = {}
,  PAGES     = {}
,  NOTE      = {}
,  KEYWORDS = {}
,  ANNOTE    = {}
,  INLIBRARY = {}
,  ABSTRACT  =
   {
   }
}

@BOOK{citekey
,  AUTHOR    = {}
,  EDITOR    = {}
,  TITLE     = {}
,  PUBLISHER = {}
,  YEAR      = {}
,  ADDRESS   = {}
,  NOTE      = {}
,  EDITION   = {}
,  VOLUME    = {}
,  SERIES    = {}
,  MONTH     = {}
,  KEYWORDS = {}
,  ANNOTE    = {}
,  INLIBRARY = {}
,  ISBN      = {}
,  ABSTRACT  =
   {
   }
}

@BOOKLET{citekey
,  TITLE     = {}
,  AUTHOR    = {}
,  HOWPUBLISHED = {}
,  MONTH     = {}
,  YEAR      = {}
,  ADDRESS   = {}
,  NOTE      = {}
,  KEYWORDS = {}
,  ANNOTE    = {}
,  INLIBRARY = {}
,  ISBN      = {}
,  ABSTRACT  =
   {
   }
}

@INBOOK{citekey
,  AUTHOR    = {}
,  EDITOR    = {}
,  TITLE     = {}
,  CHAPTER   = {}
,  PAGES     = {}
,  PUBLISHER = {}
,  YEAR      = {}
,  ADDRESS   = {}
,  NOTE      = {}
,  EDITION   = {}
,  VOLUME    = {}
,  SERIES    = {}
,  MONTH     = {}
,  KEYWORDS = {}
,  ANNOTE    = {}
,  INLIBRARY = {}
,  ISBN      = {}
,  ABSTRACT  =
   {
   }
}

@INCOLLECTION{citekey
,  AUTHOR    = {}
,  TITLE     = {}
,  BOOKTITLE = {}
,  PUBLISHER = {}
,  YEAR      = {}
,  EDITOR    = {}
,  ADDRESS   = {}
,  CHAPTER   = {}
,  PAGES     = {}
,  NOTE      = {}
,  MONTH     = {}
,  KEYWORDS = {}
,  ANNOTE    = {}
,  INLIBRARY = {}
,  ISBN      = {}
,  ABSTRACT  =
   {
   }
}

@INPROCEEDINGS{citekey
,  AUTHOR    = {}
,  TITLE     = {}
,  BOOKTITLE = {}
,  YEAR      = {}
,  EDITOR    = {}
,  ORGANIZATION = {}
,  MONTH     = {}
,  ADDRESS   = {}
,  PUBLISHER = {}
,  PAGES     = {}
,  NOTE      = {}
,  KEYWORDS = {}
,  ANNOTE    = {}
,  INLIBRARY = {}
,  ISBN      = {}
,  ABSTRACT  =
   {
   }
}

@MANUAL{citekey
,  TITLE     = {}
,  AUTHOR    = {}
,  ORGANIZATION = {}
,  ADDRESS   = {}
,  EDITION   = {}
,  MONTH     = {}
,  YEAR      = {}
,  NOTE      = {}
,  KEYWORDS = {}
,  ANNOTE    = {}
,  INLIBRARY = {}
,  ISBN      = {}
,  ABSTRACT  =
   {
   }
}

@MASTERSTHESIS{citekey
,  AUTHOR    = {}
,  TITLE     = {}
,  SCHOOL    = {}
,  YEAR      = {}
,  ADDRESS   = {}
,  MONTH     = {}
,  NOTE      = {}
,  KEYWORDS = {}
,  ANNOTE    = {}
,  INLIBRARY = {}
,  ABSTRACT  =
   {
   }
}

@MISC{citekey
,  AUTHOR    = {}
,  TITLE     = {}
,  HOWPUBLISHED = {}
,  MONTH     = {}
,  YEAR      = {}
,  NOTE      = {}
,  KEYWORDS = {}
,  ANNOTE    = {}
,  INLIBRARY = {}
,  ABSTRACT  =
   {
   }
}

@PHDTHESIS{citekey
,  AUTHOR    = {}
,  TITLE     = {}
,  SCHOOL    = {}
,  YEAR      = {}
,  ADDRESS   = {}
,  MONTH     = {}
,  NOTE      = {}
,  KEYWORDS = {}
,  ANNOTE    = {}
,  INLIBRARY = {}
,  ABSTRACT  =
   {
   }
}

@PROCEEDINGS{citekey
,  TITLE     = {}
,  YEAR      = {}
,  EDITOR    = {}
,  ORGANIZATION = {}
,  MONTH     = {}
,  ADDRESS   = {}
,  PUBLISHER = {}
,  NOTE      = {}
,  KEYWORDS = {}
,  ANNOTE    = {}
,  INLIBRARY = {}
,  ISBN      = {}
,  ABSTRACT  =
   {
   }
}

@TECHREPORT{citekey
,  AUTHOR    = {}
,  TITLE     = {}
,  INSTITUTION = {}
,  YEAR      = {}
,  TYPE      = {}
,  NUMBER    = {}
,  MONTH     = {}
,  ADDRESS   = {}
,  NOTE      = {}
,  KEYWORDS = {}
,  ANNOTE    = {}
,  INLIBRARY = {}
,  ABSTRACT  =
   {
   }
}

@UNPUBLISHED{citekey
,  AUTHOR    = {}
,  TITLE     = {}
,  NOTE      = {}
,  MONTH     = {}
,  YEAR      = {}
,  KEYWORDS = {}
,  ANNOTE    = {}
,  INLIBRARY = {}
,  ABSTRACT  =
   {
   }
}

