% ieeecsexamples.bib
% These examples are mostly from http://computer.org/author/style/refer.htm
%    A few entries were added to the IEEE Computer Society examples.
% Using \bibliographystyle{msucs}, the BibTeX result should 
%    match the above web page, with the following exceptions:
%--- Full journal and conference names are used below
%       instead of abbreviations.
%--- Full state names are used below instead of abbreviations.
%--- INPROCEEDINGS shows the sponsoring organization and
%       location of the conference, instead of the 
%       publisher/address of the proceedings.
%--- The newsletter article by Butler uses ARTICLE entry, 
%       and puts publisher/address information at the end 
%       of the entry in the NOTES field.
%--- INBOOK example below does not correspond to the format of 
%       the INCOLLECTION example at the web page.

@BOOK{BC06,
  author = {{Benjamin Micheal Patrick Clasie}},
  year = 2006,
  title = {Measurement of Nuclear Transparency from A(e,$e^\prime$$\pi^+$) Reactions, P.hD Thesis},
  edition = {},
  note = {},
  publisher = {MASSACHUSETTS INSTITUTE OF TECHNOLOGY},
  address = {}
}
@BOOK{RM99,
  author = {{Richard Matthew Mohring}},
  year = 1999,
  title = {A Comparison of Longitudinal and Transverse Cross Section in the Reactions p(e,$e^\prime$$K^+$)$\Lambda$ and p(e,$e^\prime$$K^+$)$\Sigma$ Reactions, P.hD Thesis},
  edition = {},
  note = {},
  publisher = {University of Maryland},
  address = {}
}
@BOOK{SPTD07,
  author = {{Thomas Brian Humensky}},
  year = 2003,
  title = {Probing the Standard Model and Nucleon Sturcture via Parity-Vialoting Electron Scattering, P.hD Thesis},
  edition = {},
  note = {},
  publisher = {Princeton University},
  address = {}
}
@BOOK{hinton01,
  author = {{Wendy L. Hinton}},
  year = 2001,
  month= May,
  title = {Quasifree Electroproduction of $\Lambda$, $\Sigma^0$, and $\Sigma^-$ 
Hyperons on Carbon and Aluminium, P.hD Thesis},
  edition = {},
  note = {},
  publisher = {Hampton University},
  address = {}
}
@BOOK{GaskelD,
  author = {{David J. Gaskell}},
  year = 2001,
  month= March,
  title = {Longitudinal Electroproduction of Charged Pions from Hydrogen, Deuterium and Helium-3, P.hD Thesis},
  edition = {},
  note = {},
  publisher = {Oregon State University},
  address = {http://www1.jlab.org/Ul/publications/documents/gaskell.pdf}
}
@BOOK{jlab,
  author = {{http://www.jlab.org/}},
  year = ,
  month= ,
  title = {},
  edition = {},
  note = {},
  publisher = {},
  address = {}
}
@BOOK{PDG,
  author = {{C. Amsler et al.(Particle Data Group) PL B667, 1}},
  year = {(2008) and 2009 partial update for the 2010 edition(URL: http://pdg.lbl.gov)},
  month= ,
  title = {},
  edition = {},
  note = {},
  publisher = {},
  address = {}
}
%@PHDTHESIS{hinton01,
%   AUTHOR    = {Wendy L. Hinton},
%   TITLE     = {Quasifree Electroproduction of $\Lambda$, $\Sigma^0$, and $\Sigma^-$ Hyperons on Carbon and Aluminium},
%   SCHOOL    = {Hampton University},
%   YEAR      = 2001,
%   ADDRESS   = {},
%   MONTH     = {May},
%   NOTE      = {}
%}
@MASTERSTHESIS{Nichols85:MS
,  AUTHOR    = {M. Nichols}
,  TITLE     = {The Graphical Kernel System in {Prolog}}
,  SCHOOL    = {
Department of Computer Science and Engineering,
Rensselaer Polytechnic Institute}
,  YEAR      = 1985
,  ADDRESS   = {Troy, New York}
,  MONTH     = {}
,  NOTE      = {}
}
@INCOLLECTION{Burka00:MUD
,  AUTHOR    = {L. P. Burka}
,  TITLE     = {A Hypertext History of Multiuser Dimensions}
,  BOOKTITLE = {{MUD} History}
,  PUBLISHER = {}
,  YEAR      = {}
,  NOTE      = {
http://www.ccs.neu.edu/home/home/lpb/mud-history.html
(current 5 Dec. 2000)
   }
}
@MISC{Butler87:SDN
,  AUTHOR    = {J. Butler}
,  TITLE     = {{CASE} Outlook}
,  HOWPUBLISHED = {
{\em System Development Newsletter},
Applied Computer Research, Phoenix, Arizona
   }
,  MONTH     = nov
,  YEAR      = 1987
,  NOTE      = {p. 3}
}
@BOOK{ZS84
,  AUTHOR    = {A. N. Zhirabok and A. E. Shumskii}
,  TITLE     = {Electronnoe modelirovanie
[{E}lectronic Modeling]
   }
,  PUBLISHER = {Energoatomizdat}
,  YEAR      = 1984
,  ADDRESS   = {Leningrad}
,  NOTE      = {(in Russian)}
}
@ARTICLE{Nakayama95:NE
,  AUTHOR    = {T. Nakayama and others}
,  TITLE     = {
{NEC} Corporation Develops 32-Bit {RISC} Microprocessor
   }
,  JOURNAL   = {Nikkei Electronics}
,  YEAR      = 1995
,  MONTH     = dec
,  VOLUME    = 6
,  NUMBER    = 12
,  PAGES     = {111--121}
,  NOTE      = {(in Japanese)}
}
@MANUAL{BT60192
,  KEY       = {Recommendation ITU-R BT.601, 
Encoding Parameters of Digital Television for Studios
   }
,  AUTHOR    = {}
,  TITLE     = {Recommendation {ITU-R BT.601}, 
Encoding Parameters of Digital Television for Studios
   }
,  ORGANIZATION = {International Telecommunications Union}
,  ADDRESS   = {Geneva}
,  EDITION   = {}
,  MONTH     = {}
,  YEAR      = 1992
,  NOTE      = {}
}
@MANUAL{IEEE15961992
,  KEY       = {IEEE Std. 1596-1992, 
Scalable Coherent Interface ({SCI})
}
,  AUTHOR    = {}
,  TITLE     = {IEEE Std. 1596-1992, 
Scalable Coherent Interface ({SCI})
}
,  ORGANIZATION = {IEEE}
,  ADDRESS   = {Piscataway, New Jersey}
,  EDITION   = {}
,  MONTH     = {}
,  YEAR      = 1992
,  NOTE      = {}
}
@MISC{IST83misc
,  KEY       = {Requirements for Software-Engineering Databases}
,  AUTHOR    = {}
,  TITLE     = {Requirements for Software-Engineering Databases}
,  HOWPUBLISHED = {
technical memo, 
Imperial Software Technology, London
   }
,  MONTH     = {}
,  YEAR      = 1983
,  NOTE      = {}
}
@TECHREPORT{HH85:Cornell674
,  AUTHOR    = {C. Hoffman and J. Hopcroft}
,  TITLE     = {Quadratic Blending Surfaces}
,  INSTITUTION = {Computer Science Department, 
Cornell University
   }
,  YEAR      = 1985
,  TYPE      = {technical report}
,  NUMBER    = {TR-85-674}
,  MONTH     = {}
,  ADDRESS   = {Ithaca, New York}
,  NOTE      = {}
}
@TECHREPORT{Yarwood77:UToronto
,  AUTHOR    = {E. Yarwood}
,  TITLE     = {Toward Program Illustration}
,  INSTITUTION = {
Computer Systems Research Group, University of Toronto
   }
,  YEAR      = 1977
,  TYPE      = {technical report}
,  NUMBER    = {}
,  MONTH     = {}
,  ADDRESS   = {Toronto}
,  NOTE      = {}
}
@MANUAL{UnixID86
,  KEY       = {Unix System {V} Interface Definition}
,  AUTHOR    = {}
,  TITLE     = {
Unix System {V} Interface Definition, {\normalfont issue 2, vol. 2}
   }
,  ORGANIZATION = {AT\&T}
,  ADDRESS   = {Murray Hill, New Jersey}
,  EDITION   = {}
,  MONTH     = {}
,  YEAR      = 1986
,  NOTE      = {}
,  KEYWORDS = {}
,  ANNOTE    = {}
,  INLIBRARY = {}
,  ISBN      = {}
,  ABSTRACT  =
   {
   }
}
@INBOOK{BA98:ch3
,  AUTHOR    = {Kenneth P. Burnham and David R. Anderson}
,  EDITOR    = {}
,  TITLE     = {
Model Selection and Inference: {A} Practical Information-Theoretic Approach
    }
,  CHAPTER   = 3
,  PAGES     = {75--117}
,  PUBLISHER = {Springer-Verlag}
,  YEAR      = 1998
,  ADDRESS   = {New York}
,  NOTE      = {}
,  EDITION   = {}
,  VOLUME    = {}
,  SERIES    = {}
,  MONTH     = {}
}
@Article{jain,
  title = {Systematic analysis method for color transparency experiments},
  author = {Jain, P. and Ralston, J.P. },
  journal = {Phys. Rev. D},
  volume = {48},
  number = {3},
  pages = {1104--1111},
  numpages = {7},
  year = {1993},
  month = {Aug},
  doi = {10.1103/PhysRevD.48.1104},
  publisher = {American Physical Society}
}
@Article{neill,
  title = {},
  author = {O’Neill, T.G. },
  journal = {Phys. Lett. B},
  volume = {351},
  number = {87},
  pages = {},
  numpages = {},
  year = {1995},
  month = {},
  doi = {},
  publisher = {}
}
@Article{PhysRevC.64.054610,
  title = {Radiative corrections for $(e,e'{}p)$ reactions at GeV energies},
  author = {Ent, R.  and Filippone, B. W. and Makins, N. C. R. and Milner, R. G. and O'Neill, T. G. and Wasson, D. A.},
  journal = {Phys. Rev. C},
  volume = {64},
  number = {5},
  pages = {054610},
  numpages = {23},
  year = {2001},
  month = {Oct},
  doi = {10.1103/PhysRevC.64.054610},
  publisher = {American Physical Society}
}
@Article{CW01,
  title = {Radiative corrections for $(e,e'{}p)$ reactions at GeV energies},
  author = {Leemann, C. W. and Douglas, D. R. and Krafft, G. A.},
  journal = {Ann. Rev. Nucl. Part. Sci.},
  volume = {51},
  number = {413},
  pages = {},
  numpages = {},
  year = {2001},
  month = {},
  doi = {},
  publisher = {}
}
@Article{bates,
  title = {Proton propagation in nuclei studied in the (e,e'p) reaction},
  author = {Garino, G.  and Saber, M.  and Segel, R. E. and Geesaman, D. F. and Gilman, R.  and Green, M. C. and Holt, R. J. and Schiffer, J. P. and Zeidman, B.  and Beise, E. J. and Dodson, G. W. and H\o{}ibr\aa{}ten, S.  and Pham, L. D. and Redwine, R. P. and Sapp, W. W. and Williamson, C. F. and Wood, S. A. and Chant, N. S. and Roos, P. G. and Silk, J. D. and Deady, M.  and Maruyama, X. K.},
  journal = {Phys. Rev. C},
  volume = {45},
  number = {2},
  pages = {780--790},
  numpages = {10},
  year = {1992},
  month = {Feb},
  doi = {10.1103/PhysRevC.45.780},
  publisher = {American Physical Society}
}
@Article{Abb95,
  title = {Quasifree $(e,e'{}p)$ Reactions and Proton Propagation in Nuclei},
  author = {Abbott, D.  and Ahmidouch, A.  and Amatuni, Ts. A. and Armstrong, C.  and Arrington, J.  and Assamagan, K. A. and Bailey, K.  and Baker, O. K. and Barrow, S.  and Beard, K.  and Beatty, D.  and Beedoe, S.  and Beise, E.  and Belz, E.  and Bochna, C.  and Breuer, H.  and Bruins, E. E. W. and Carlini, R.  and Cha, J.  and Chant, N.  and Cothran, C.  and Cummings, W. J. and Danagoulian, S.  and Day, D.  and DeSchepper, D.  and Ducret, J.-E.  and Duncan, F. },
  journal = {Phys. Rev. Lett.},
  volume = {80},
  number = {23},
  pages = {5072--5076},
  numpages = {4},
  year = {1998},
  month = {Jun},
  doi = {10.1103/PhysRevLett.80.5072},
  publisher = {American Physical Society}
}
@Article{ne18,
  title = {Momentum transfer dependence of nuclear transparency from the quasielastic $C12$(e,e'p) reaction},
  author = {Makins, N. C. R. and Ent, R.  and Chapman, M. S. and Hansen, J.-O.  and Lee, K.  and Milner, R. G. and Nelson, J.  and Arnold, R. G. and Bosted, P. E. and Keppel, C. E. and Lung, A.  and Rock, S. E. and Spengos, M.  and Szalata, Z. M. and Tao, L. H. and White, J. L. and Coulter, K. P. and Geesaman, D. F. and Holt, R. J. and Jackson, H. E. and Papavassiliou, V.  and Potterveld, D. H. and Zeidman, B.  and Arrington, J.  and Beise, E. J. and Belz, E.  and Filippone, B. W.},
  journal = {Phys. Rev. Lett.},
  volume = {72},
  number = {13},
  pages = {1986--1989},
  numpages = {3},
  year = {1994},
  month = {Mar},
  doi = {10.1103/PhysRevLett.72.1986},
  publisher = {American Physical Society}
}
@Article{ON95,
  title = {A-dependence of nuclear transparency in quasielastic A(e, ef'p) at high 2},
  author = "T. G. O'Neill and W. Lorenzon and P. Anthony and R. G. Arnold and J. Arrington and E. J. Beise and J. E. Belz and P. E. Bosted and H. -J. Bulten and M. S. Chapman and K. P. Coulter and F. Dietrich and R. Ent and M. Epstein and B. W. Filippone and H. Gao and R. A. Gearhart and D. F. Geesaman and J. -O. Hansen and R. J. Holt and H. E. Jackson and C. E. Jones and C. E. Keppel and E. R. Kinney and S. Kuhn and K. Lee and A. Lung and N. C. R. Makins and D. J. Margaziotis and R. D. McKeown and R. G. Milner and B. Mueller and J. Napolitano and J. Nelson and V. Papavassiliou and G. G. Petratos and D. H. Potterveld and S. E. Rock and M. Spengos and Z. M. Szalata and L. H. Tao and K. van Bibber and J. F. J. van den Brand and J. L. White and B. Zeidman",
  journal = {Phys. Lett. B},
  volume = {351},
  number = {1 - 3},
  pages = {87 - 92},
  numpages = {},
  year = {1995},
  month = {},
  issn = {0370-2693},
  doi = {DOI: 10.1016/0370-2693(95)00362-O},
  url = {http://www.sciencedirect.com/science/article/B6TVN-447N06K-1J/2/c89d46034f29097aed41eaa4c68f3fb4},
  publisher = {}
}
@Article{jlabp1,
  title = {},
  author = {Abbott, D. and et al.},
  journal = {Phys. Rev. Lett.},
  volume = {80},
  number = {5072},
  pages = {},
  numpages = {},
  year = {1998},
  month = {},
  doi = {},
  publisher = {}
}
@Article{jlabp2,
  title = {Nuclear transparency from quasielastic $A(e,e^{'{}}p)$ reactions up to $Q^{2}=8.1 (GeV/c)^{2}$},
  author = {Garrow, K.  and McKee, D.  and Ahmidouch, A.  and Armstrong, C. S. and Arrington, J.  and Asaturyan, R.  and Avery, S.  and Baker, O. K. and Beck, D. H. and Blok, H. P. and Bochna, C. W. and Boeglin, W.  and Bosted, P.  and Bouwhuis, M.  and Breuer, H.  and Brown, D. S. and Bruell, A.  and Carlini, R. D. and Chant, N. S. and Cochran, A.  and Cole, L.  and Danagoulian, S.  and Day, D. B. and Dunne, J.  and Dutta, D.  and Ent, R.  and Fenker, H. C. and \textit{et. al.}},
  journal = {Phys. Rev. C},
  volume = {66},
  number = {4},
  pages = {044613},
  numpages = {10},
  year = {2002},
  month = {Oct},
  doi = {10.1103/PhysRevC.66.044613},
  publisher = {American Physical Society}
}
@Article{jlabpi1,
  title = {Measurement of Nuclear Transparency for the $A(e,e'{}\pi{}+)$ Reaction},
  author = {Clasie, B.  and Qian, X.  and Arrington, J.  and Asaturyan, R.  and Benmokhtar, F.  and Boeglin, W.  and Bosted, P.  and Bruell, A.  and Christy, M. E. and Chudakov, E.  and Cosyn, W.  and Dalton, M. M. and Daniel, A.  and Day, D.  and Dutta, D.  and El Fassi, L.  and Ent, R.  and Fenker, H. C. and Ferrer, J.  and Fomin, N.  and Gao, H.  and Garrow, K.  and Gaskell, D.  and Gray, C.  and Horn, T.  and Huber, G. M. and Jones, M. K. and \textit{et. al.}},
  journal = {Phys. Rev. Lett.},
  volume = {99},
  number = {24},
  pages = {242502},
  numpages = {5},
  year = {2007},
  month = {Dec},
  doi = {10.1103/PhysRevLett.99.242502},
  publisher = {American Physical Society}
}
@Article{jlabpi2,
  title = {Experimental study of the $A$($e$,$e'{}\pi{}^+$) reaction on $^{1}$H, $^{2}$H, $^{12}$C, $^{27}$Al, $^{63}$Cu, and $^{197}$Au},
  author = {Qian, X.  and Horn, T.  and Clasie, B.  and Arrington, J.  and Asaturyan, R.  and Benmokhtar, F.  and Boeglin, W.  and Bosted, P.  and Bruell, A.  and Christy, M. E. and Chudakov, E.  and Dalton, M. M. and Daniel, A.  and Day, D.  and Dutta, D.  and El Fassi, L.  and Ent, R.  and Fenker, H. C. and Ferrer, J.  and Fomin, N.  and Gao, H.  and Garrow, K.  and Gaskell, D.  and Gray, C.  and Huber, G. M. and Jones, M. K. and Kalantarians, N. and \textit{et. al.}},
  journal = {Phys. Rev. C.},
  volume = {81},
  number = {5},
  pages = {055209},
  numpages = {27},
  year = {2010},
  month = {May},
  doi = {10.1103/PhysRevC.81.055209},
  publisher = {American Physical Society}
}
@Article{dover77,
  title = {Interaction of $K^{+}$ mesons with nuclei},
  author = {Dover, Carl B. and Moffa, P. J.},
  journal = {Phys. Rev. C},
  volume = {16},
  number = {3},
  pages = {1087--1096},
  numpages = {9},
  year = {1977},
  month = {Sep},
  doi = {10.1103/PhysRevC.16.1087},
  publisher = {American Physical Society}
}
@Article{skg1,
  title = {$K+$ as a probe of partial deconfinement in nuclei},
  author = {Siegel, P. B. and Kaufmann, W. B. and Gibbs, W. R.},
  journal = {Phys. Rev. C},
  volume = {31},
  number = {6},
  pages = {2184--2189},
  numpages = {5},
  year = {1985},
  month = {Jun},
  doi = {10.1103/PhysRevC.31.2184},
  publisher = {American Physical Society}
}
@Article{kccexpt1,
  title = {Kaon-Nucleon Total Cross Sections from 0.6 to 2.65 GeV/c},
  author = {Bugg, D. V. and Gilmore, R. S. and Knight, K. M. and Salter, D. C. and Stafford, G. H. and Wilson, E. J. N. and Davies, J. D. and Dowell, J. D. and Hattersley, P. M. and Homer, R. J. and O'dell, A. W. and Carter, A. A. and Tapper, R. J. and Riley, K. F.},
  journal = {Phys. Rev.},
  volume = {168},
  number = {5},
  pages = {1466--1475},
  numpages = {9},
  year = {1968},
  month = {Apr},
  doi = {10.1103/PhysRev.168.1466},
  publisher = {American Physical Society}
}
@Article{kccexpt2,
  title = {Kaon scattering from C and Ca at 800 MeV/c},
  author = {Marlow, D.  and Barnes, P. D. and Colella, N. J. and Dytman, S. A. and Eisenstein, R. A. and Grace, R.  and Takeutchi, F.  and Wharton, W. R. and Bart, S.  and Hancock, D.  and Hackenberg, R.  and Hungerford, E.  and Mayes, W.  and Pinsky, L.  and Williams, T.  and Chrien, R.  and Palevsky, H.  and Sutter, R. },
  journal = {Phys. Rev. C},
  volume = {25},
  number = {5},
  pages = {2619--2637},
  numpages = {18},
  year = {1982},
  month = {May},
  doi = {10.1103/PhysRevC.25.2619},
  publisher = {American Physical Society}
}
@Article{kccexpt3,
  title = {$K+$ total cross sections as a test for nucleon ``swelling''},
  author = {Mardor, Y.  and Piasetsky, E.  and Alster, J.  and Ashery, D.  and Moinester, M. A. and Yavin, A. I. and Bart, S.  and Chrien, R. E. and Pile, P. H. and Sutter, R. J. and Krauss, R. A. and Hiebert, J. C. and Stearns, R. L. and Kishimoto, T.  and Johnson, R. R. and Olshevsky, R. },
  journal = {Phys. Rev. Lett.},
  volume = {65},
  number = {17},
  pages = {2110--2113},
  numpages = {3},
  year = {1990},
  month = {Oct},
  doi = {10.1103/PhysRevLett.65.2110},
  publisher = {American Physical Society}
}
@Article{kccexpt4,
  title = {},
  author = {Krauss, R. A. and et al.},
  journal = {Phys. Rev. C.},
  volume = {46},
  number = {655},
  pages = {},
  numpages = {},
  year = {1992},
  month = {},
  doi = {},
  publisher = {}
}
@Article{kccexpt5,
title = "The influence of the nuclear medium on K+ total cross sections",
journal = "Physics Letters B",
volume = "307",
number = "3-4",
pages = "293 - 297",
year = "1993",
note = "",
issn = "0370-2693",
doi = "DOI: 10.1016/0370-2693(93)90222-4",
url = "http://www.sciencedirect.com/science/article/B6TVN-46YSW56-2PD/2/18c80df714a7ed81804f2e369712eaed",
author = "R. Sawafta and R. Weiss and J. Aclander and J. Alster and M. Barakat and S. Bart and R. E. Chrien and R. A. Krauss and K. Johnston and I. Mardor and Y. Mardor and S. MayTal-Beck and E. Piasetzky and P. H. Pile and H. Seyfarth and R. L. Stearns and R. J. Sutter and I. A. Yavin"
}
@Article{kccexpt6,
  title = {Measurement of low energy $K+$ total cross sections on N=Z nuclei},
  author = {Weiss, R.  and Aclander, J.  and Alster, J.  and Barakat, M.  and Bart, S.  and Chrien, R. E. and Krauss, R. A. and Johnston, K.  and Mardor, I.  and Mardor, Y.  and May Tal-beck, S.  and Piasetzky, E.  and Pile, P. H. and Sawafta, R.  and Seyfarth, H.  and Stearns, R. L. and Sutter, R. J. and Yavin, A. I.},
  journal = {Phys. Rev. C.},
  volume = {49},
  number = {5},
  pages = {2569--2577},
  numpages = {8},
  year = {1994},
  month = {May},
  doi = {10.1103/PhysRevC.49.2569},
  publisher = {American Physical Society}
}
@Article{kccth1,
  title = {High-energy pion-nucleus elastic scattering},
  author = {Chen, C. M. and Ernst, D. J. and Johnson, Mikkel B.},
  journal = {Phys. Rev. C},
  volume = {48},
  number = {2},
  pages = {841--849},
  numpages = {8},
  year = {1993},
  month = {Aug},
  doi = {10.1103/PhysRevC.48.841},
  publisher = {American Physical Society}
}
@Article{kccth2,
  title = {Nuclear structure effects in $k^+$ elastic scattering from $^{3}$He, $^{3}$H, $^{4}$He, and $^{12}$C},
  author = {Paez, M. J. and Landau, R. H.},
  journal = {Phys. Rev. C.},
  volume = {24},
  number = {3},
  pages = {1120--1134},
  numpages = {14},
  year = {1981},
  month = {Sep},
  doi = {10.1103/PhysRevC.24.1120},
  publisher = {American Physical Society}
}
@Article{kccth3,
  title = {$K+$-nucleus elastic scattering and charge exchange},
  author = {Siegel, P. B. and Kauffmann, W. B. and Gibbs, W. R.},
  journal = {Phys. Rev. C.},
  volume = {30},
  number = {4},
  pages = {1256--1266},
  numpages = {10},
  year = {1984},
  month = {Oct},
  doi = {10.1103/PhysRevC.30.1256},
  publisher = {American Physical Society}
}
@Article{kccth4,
  title = {},
  author = {Brown, G. E. and Dover, C. B. and Siegel, P. B. and Weise, W.},
  journal = {Phys. Rev. Lett.},
  volume = {26},
  number = {2723},
  pages = {},
  numpages = {},
  year = {1988},
  month = {},
  doi = {},
  publisher = {}
}
@Article{kccth5,
  title = {Pion contribution to $K+$-nucleus scattering},
  author = {Akulinichev, S. V.},
  journal = {Phys. Rev. Lett.},
  volume = {68},
  number = {3},
  pages = {290--292},
  numpages = {2},
  year = {1992},
  month = {Jan},
  doi = {10.1103/PhysRevLett.68.290},
  publisher = {American Physical Society}
}
@Article{kccth6,
  title = {Meson exchange current contribution to $K+$-nucleus scattering},
  author = {Jiang, and M. F. Koltun, and D. S.},
  journal = {Phys. Rev. C.},
  volume = {46},
  number = {6},
  pages = {2462--2475},
  numpages = {13},
  year = {1992},
  month = {Dec},
  doi = {10.1103/PhysRevC.46.2462},
  publisher = {American Physical Society}
}
@Article{kccth7,
  title = {Pion cloud contribution to $K+$-nucleus scattering},
  author = {Garcia-Recio, C. and Nieves, J. and Oset, E.},
  journal = {Phys. Rev. C.},
  volume = {51},
  number = {1},
  pages = {237--251},
  numpages = {14},
  year = {1995},
  month = {Jan},
  doi = {10.1103/PhysRevC.51.237},
  publisher = {American Physical Society}
}
@Article{kccth8,
  title = {$K+$-nucleus cross sections with a density-dependent $K+$N interaction},
  author = {Caillon, J. C. and Labarsouque, J.},
  journal = {Phys. Rev. C.},
  volume = {45},
  number = {5},
  pages = {2503--2506},
  numpages = {3},
  year = {1992},
  month = {May},
  doi = {10.1103/PhysRevC.45.2503},
  publisher = {American Physical Society}
}
@Article{kccth9,
  title = {},
  author = {},
  journal = {Phys. Rev. B.},
  volume = {295},
  number = {21},
  pages = {},
  numpages = {},
  year = {1992},
  month = {},
  doi = {},
  publisher = {}
}
@Article{kccth10,
  title = {},
  author = {},
  journal = {J. Phys. G},
  volume = {19},
  number = {L117},
  pages = {},
  numpages = {},
  year = {},
  month = {},
  doi = {},
  publisher = {}
}
@Article{kccth11,
  title = {},
  author = {},
  journal = {Phys. Lett. B.},
  volume = {311},
  number = {19},
  pages = {},
  numpages = {},
  year = {1993},
  month = {},
  doi = {},
  publisher = {}
}
@Article{ernst95,
  title = {},
  author = {Jiang, M. J. and Ernst, D. J. and Chen, C. M.},
  journal = {Phys. Lett. C.},
  volume = {51},
  number = {857},
  pages = {},
  numpages = {},
  year = {1995},
  month = {},
  doi = {},
  publisher = {}
}
@Article{carroll,
  title = {Total cross sections of $\pi^±$, $K^±$, p and  on protons and deuterons between 200 and 370 (GeV/c)},
  author = {A. S. Carroll and I. -H. Chiang and T. F. Kycia and K. K. Li and M. D. Marx and D. C. Rahm and W. F. Baker and D. P. Eartly and G. Giacomelli and A. M. Jonckheere and P. F. M. Koehler and P. O. Mazur and R. Rubinstein and O. Fackler},
  journal = {Phys. Lett. B.},
  volume = {80},
  number = {4-5},
  pages = {423 - 427},
  numpages = {},
  year = {1979},
  month = {},
  doi = {10.1016/0370-2693(79)91205-X},
  publisher = {}
}
@Article{PhysRevC.74.018201,
  title = {Pionic color transparency},
  author = {Larson, Arnold  and Miller, Gerald A. and Strikman, M. },
  journal = {Phys. Rev. C},
  volume = {74},
  number = {1},
  pages = {018201},
  numpages = {4},
  year = {2006},
  month = {Jul},
  doi = {10.1103/PhysRevC.74.018201},
  publisher = {American Physical Society}
}
@Article{PhysRevD.62.113009,
  title = {Perturbative color transparency in electroproduction experiments},
  author = {Kundu, Bijoy  and Samuelsson, Jim  and Jain, Pankaj  and Ralston, John P.},
  journal = {Phys. Rev. D},
  volume = {62},
  number = {11},
  pages = {113009},
  numpages = {11},
  year = {2000},
  month = {Nov},
  doi = {10.1103/PhysRevD.62.113009},
  publisher = {American Physical Society}
}
@Article{Dutta:2004kw,
     author    = "Dutta, D.",
     title     = "{Experimental search for color transparency at Jefferson
                  Lab}",
     journal   = "Eur. Phys. J.",
     volume    = "A19S1",
     year      = "2004",
     pages     = "179-183",
     doi       = "10.1140/epjad/s2004-03-030-0",
     SLACcitation  = "%%CITATION = EPHJA,A19S1,179;%%"
}
@Article{PhysRevLett.61.1698,
  title = {Nuclear Transparency to Large-Angle $pp$ Elastic Scattering},
  author = {Carroll, A. S. and Barton, D. S. and Bunce, G.  and Gushue, S.  and Makdisi, Y. I. and Heppelmann, S.  and Courant, H.  and Fang, G.  and Heller, K. J. and Marshak, M. L. and Shupe, M. A. and Russell, J. J.},
  journal = {Phys. Rev. Lett.},
  volume = {61},
  number = {15},
  pages = {1698--1701},
  numpages = {3},
  year = {1988},
  month = {Oct},
  doi = {10.1103/PhysRevLett.61.1698},
  publisher = {American Physical Society}
}
@Article{PhysRevLett.81.5085,
  title = {Nuclear Transparency in Large Momentum Transfer Quasielastic Scattering},
  author = {Mardor, I.  and Durrant, S.  and Aclander, J.  and Alster, J.  and Barton, D.  and Bunce, G.  and Carroll, A.  and Christensen, N.  and Courant, H.  and Gushue, S.  and Heppelmann, S.  and Kosonovsky, E.  and Mardor, Y.  and Marshak, M.  and Makdisi, Y.  and Minor, E. D. and Navon, I.  and Nicholson, H.  and Piasetzky, E.  and Roser, T.  and Russell, J.  and Sutton, C. S. and Tanaka, M.  and White, C.  and Wu, J.-Y. },
  journal = {Phys. Rev. Lett.},
  volume = {81},
  number = {23},
  pages = {5085--5088},
  numpages = {3},
  year = {1998},
  month = {Dec},
  doi = {10.1103/PhysRevLett.81.5085},
  publisher = {American Physical Society}
}
@Article{PhysRevLett.87.212301,
  title = {Energy Dependence of Nuclear Transparency in C $(p,2p)$ Scattering},
  author = {Leksanov, A.  and Alster, J.  and Asryan, G.  and Averichev, Y.  and Barton, D.  and Baturin, V.  and Bukhtoyarova, N.  and Carroll, A.  and Heppelmann, S.  and Kawabata, T.  and Makdisi, Y.  and Malki, A.  and Minina, E.  and Navon, I.  and Nicholson, H.  and Ogawa, A.  and Panebratsev, Yu.  and Piasetzky, E.  and Schetkovsky, A.  and Shimanskiy, S.  and Tang, A.  and Watson, J. W. and Yoshida, H.  and Zhalov, D. },
  journal = {Phys. Rev. Lett.},
  volume = {87},
  number = {21},
  pages = {212301},
  numpages = {4},
  year = {2001},
  month = {Nov},
  doi = {10.1103/PhysRevLett.87.212301},
  publisher = {American Physical Society}
}
@Article{PhysRevC.73.044003,
  title = {Rescattering in meson photoproduction from few body systems},
  author = {Laget, J.-M. },
  journal = {Phys. Rev. C},
  volume = {73},
  number = {4},
  pages = {044003},
  numpages = {13},
  year = {2006},
  month = {Apr},
  doi = {10.1103/PhysRevC.73.044003},
  publisher = {American Physical Society}
}
%@Article{hinton01,
% title = {Quasifree Electroproduction of $\Lambda$, $\Sigma^0$, and $\Sigma^-$ Hyperons on Carbon and Aluminium, P.hD Thesis},
%  author = {Hinton, Wendy L.},
%  journal = {Hampton University},
%  volume = {},
%  number = {},
%  pages = {},
%  numpages = {},
%  year = {2001},
%  month = {May},
%  doi = {},
%  publisher = {Hampton University}
%}